2756 4720
227 341 294 409 450
693 345 801 408 blBEll
817 345 863 410 tv.

227 525 375 586 sueverat
395 513 519 584 civitas:
542 511 677 580 Labicos
698 511 793 604 legati
814 512 902 580 missi
925 533 999 580 cum
1017 535 1177 604 responsa
1196 514 1303 582 inde
1332 539 1363 584 re

227 621 373 692 tulissent
400 617 495 687 dubia
523 617 638 710 quibus
660 641 721 685 nec
748 627 818 685 tum
845 617 967 684 bellum
993 617 1095 708 parari
1123 641 1193 686 nec
1232 619 1363 687 diutur

227 751 302 795 nam
322 749 437 818 pacem
458 725 528 792 lore
550 732 724 816 appareret,
745 721 936 790 'lbscnlanis
957 721 1121 812 negotium
1142 723 1289 792 domm
1319 727 1363 796 ad

230 842 391 902 verterent
418 831 540 898 animos
566 851 608 896 ne
636 825 713 917 quid
738 827 814 894 novi
846 826 1001 895 tumultus
1023 825 1147 895 Lavicis
1181 841 1363 898 oreretur.

192 937 280 1006 tdd
312 933 508 1028 insequentis
537 933 611 1001 anni
637 932 794 1000 tribrmos'
808 932 944 1000 militum
977 931 1135 999 consulari
1172 946 1361 1024 potestate

226 1037 303 1108 inito
325 1041 510 1132 magistratu
530 1035 625 1130 legati
653 1037 693 1104 ab
715 1036 858 1104 'lbrseulo
881 1048 1040 1138 venerunt*
1057 1075 1101 1088 -
1122 1035 1166 1105 la·
1187 1039 1359 1130 Sergium

226 1145 413 1214 Fidenatem
426 1143 472 1212 Μ.
489 1143 647 1235 Papirium
658 1141 854 1234 Mugilanum
870 1141 907 1209 C.
923 1140 1092 1210 Servilium
1102 1141 1211 1234 Prisci
1233 1144 1355 1226 filium

228 1275 294 1342 quo
317 1249 476 1318 deutoro
484 1246 622 1315 Fidenas
644 1259 758 1338 captae
780 1247 913 1314 fuerant
952 1246 1139 1314 nuntiabant
1161 1247 1278 1340 legati
1297 1247 1354 1316 La

99 1413 103 1424 ,
228 1355 358 1423 vicarms
381 1353 477 1420 anna'
490 1353 612 1442 cepisse
634 1364 668 1422 et
688 1375 764 1420 curn
784 1351 970 1444 Aequonun
992 1351 1134 1419 exercitu
1156 1341 1351 1444 depopula

183 1471 217 1526 to
230 1471 281 1526 tos
305 1481 415 1549 agrum
436 1457 656 1525 Tusculanum
678 1469 779 1526 castra
801 1457 834 1523 in
856 1455 970 1546 Algido
990 1456 1146 1547 posuisse.
1183 1468 1267 1524 tum
1293 1457 1349 1524 La

227 1563 346 1630 neanis
366 1561 490 1630 bellum
510 1561 679 1632 indictum:
711 1564 863 1654 lectoque
884 1572 1014 1630 senatus
1035 1561 1186 1629 consulto
1211 1574 1257 1630 ut
1282 1565 1346 1630 duo

229 1691 270 1734 ex
292 1667 424 1736 tribunis
447 1669 486 1736 ad
506 1667 629 1738 bellum
651 1669 933 1760 proficiscerentur,
954 1689 1038 1733 unus
1058 1683 1110 1734 res
1130 1666 1273 1735 Romae
1295 1693 1345 1734 ca

226 1783 325 1856 reret,
351 1785 513 1845 certamen
535 1773 640 1841 subito
662 1773 744 1842 inter
764 1771 909 1840 tribrmos
937 1782 1095 1840 exortum.
1134 1795 1173 1839 se
1195 1774 1343 1864 quisque

226 1875 303 1945 belli
324 1878 440 1946 ducem
462 1877 621 1967 potiorem
642 1878 738 1962 lene,
766 1900 876 1945 curam
897 1876 985 1943 urbis
1009 1887 1046 1944 ut
1066 1875 1228 1966 ingratam
1252 1878 1339 1968 igno

182 1978 327 2050 nbilam
348 1981 518 2072 aspernari.
556 2005 632 2050 cum
652 2007 767 2073 parum
789 1983 942 2051 decorum
962 1982 1045 2049 inter
1069 1981 1213 2073 collegas
1239 1994 1338 2050 certa

226 2107 303 2150 men
330 2083 508 2154 mirabundi
535 2097 642 2178 patres
671 2088 904 2180 conspicerent,
932 2085 975 2174 Q.
997 2084 1149 2154 Senibus
1175 2088 1334 2178 ,‚quando

227 2210 288 2254 nec
311 2190 428 2258 ordinis
455 2189 550 2257 huius
578 2191 669 2258 ulla“
689 2193 792 2285 inquit
818 2213 903 2277 „nec
930 2180 977 2258 rbi
997 2189 1144 2281 publicae
1172 2203 1226 2258 est
1247 2215 1331 2259 vere

227 2291 357 2381 cundia,
388 2285 489 2381 patria
517 2293 666 2362 maiestas
695 2297 934 2365 altercationem
954 2295 1049 2362 istam
1076 2295 1216 2363 dirimet:
1249 2297 1330 2364 filius

227 2417 318 2462 meus
340 2406 430 2462 extra
452 2407 573 2464 sortem
593 2398 664 2476 urbi
686 2395 831 2492 praeerit,
866 2399 989 2468 bellum
1010 2399 1133 2466 utinam
1159 2401 1214 2490 qui
1238 2403 1329 2491 adpe-

180 2508 299 2573 notunt
320 2501 547 2570 consideratius
570 2504 822 2596 concordiusque
845 2530 943 2598 quma
964 2503 1096 2596 cupiunt
1117 2511 1263 2596 gerant“.

316 2601 430 2674 XLVI.
474 2606 640 2677 Dilectum
665 2607 775 2676 haberi
801 2633 867 2678 non
897 2633 938 2678 ex
966 2619 1035 2677 toto
1062 2609 1183 2700 passim
1206 2610 1325 2700 populo

289 2822 555 2888 Prtelaticossst
574 2825 744 2897 s,39.:1a-.
875 2829 947 2886 tbesi
968 2849 1019 2908 pro
1042 2847 1102 2886 sco.
1129 2859 1164 2872 -·
1186 2828 1227 2886 ll=
1242 2830 1323 2907 profi·

289 2909 375 2969 bicos.
387 2943 422 2956 ·-
434 2911 500 2971 Plu:
519 2918 698 2976 retulissent.
710 2947 744 2958 -
844 2935 847 2939 ·
877 2919 1064 2975 cisscerentur.

290 2995 414 3056 Pm.1.:
430 3003 745 3076 appararettasculanas.
816 3005 859 3062 13.
876 3023 911 3060 se
929 3006 1057 3080 quiaque
1074 3003 1147 3060 delli
1157 3003 1255 3061 ducem
1271 3025 1320 3080 po-

288 3099 325 3140 m.
343 3084 383 3140 2:
394 3084 557 3146 tusculanis.
876 3091 981 3145 tiorem
991 3088 1097 3161 serre:
1114 3089 1142 3147 lll
1159 3113 1193 3150 m.
1210 3093 1233 3151 1.
1244 3091 1274 3152 P.
1286 3123 1320 3136 -

248 3167 274 3226 4.
291 3185 329 3223 ne
348 3167 423 3244 quid
439 3167 512 3226 noui
527 3173 670 3229 tumultus
687 3174 744 3230 La·
875 3173 904 3231 Μ
921 3195 955 3234 m.
975 3177 1014 3235 da
1032 3180 1168 3252 potiorem
1184 3177 1244 3237 lore.
1276 3179 1318 3240 cf.

292 3254 367 3310 uicis
390 3265 540 3313 oreretur.-
563 3255 612 3314 Pll
634 3257 708 3319 Harl.
726 3279 743 3319 1.
877 3263 905 3330 b,
922 3265 964 3321 7.=
983 3263 1043 3320 fieri
1062 3265 1129 3325 lore.

290 3339 368 3399 beid.
384 3359 402 3400 r.
421 3375 455 3386 -
473 3342 541 3400 Alii:
558 3347 695 3403 oriretur.
815 3349 858 3408 ll.
876 3369 979 3406 curam
1005 3352 1088 3410 urbia
1118 3361 1152 3410 ut
1179 3354 1317 3433 ingenim

245 3427 271 3484 7.
290 3427 330 3487 M.
359 3427 513 3504 Papirium
542 3433 744 3512 Mugilanum:
877 3437 1033 3516 ignobilem
1042 3439 1315 3514 aspernarisllhu·

289 3509 325 3572 ll.
343 3542 378 3557 ·-
396 3515 432 3572 P:
451 3538 487 3578 m.
500 3523 641 3598 papyrium
660 3523 744 3596 mugi·
876 3543 934 3580 ram
956 3527 1030 3583 urbis
1054 3537 1084 3584 ut
1105 3527 1228 3604 ingratam
1243 3530 1314 3604 igno·

287 3595 386 3658 lanum.
417 3601 461 3663 Cf.
480 3607 506 3676 l,
524 3609 568 3665 ³0.
876 3611 1010 3690 bilemque
1028 3618 1164 3693 aspernari
1179 3615 1235 3685 (P).

244 3683 270 3743 9.
289 3703 374 3740 arma
388 3691 517 3764 cepisse:
529 3692 564 3750 ll.
575 3723 610 3738 -
623 3693 658 3751 P:
670 3710 743 3752 arma
815 3700 858 3756 16.-
876 3702 998 3776 quando
1022 3721 1076 3757 nec
1097 3701 1207 3758 ordinis
1230 3701 1313 3761 hubas

242 3833 244 3838 Ι
291 3771 418 3848 coepisse
437 3787 458 3828 c
476 3796 544 3837 cnm.
567 3799 603 3837 m.
621 3783 664 3839 2:
682 3803 742 3838 coe·
876 3787 942 3842 ulla
968 3788 1075 3862 inquid
1095 3809 1149 3845 nec
1169 3791 1209 3846 rei
1222 3793 1311 3865 publi·

263 3915 267 3921 ,
287 3857 665 3934 pisse.·-Pm.l.lllm.1.:
683 3889 741 3944 gra·
873 3891 926 3928 coe
946 3871 1003 3942 (th
1020 3875 1106 3954 reip.)
1125 3885 1170 3933 est
1185 3897 1309 3935 uerecun-

289 3953 354 4003 stra.
381 3963 417 4004 m.
436 3950 475 4010 Ἅι
501 3961 588 4010 castra
605 3955 635 4010 in
652 3954 742 4030 algido
873 3959 942 4015 dia:
961 3958 1018 4019 Plll.

288 4033 421 4107 posuisse.
812 4047 855 4104 20.
873 4047 1108 4107 consideratius.-
1126 4049 1156 4108 P.
1168 4081 1199 4093 -
1213 4050 1247 4108 ll:
1265 4051 1306 4109 ili-

227 4116 270 4173 11.
280 4115 430 4196 factoque
446 4143 518 4182 Μ..
535 4124 565 4182 P.
584 4157 617 4170 -
636 4125 674 4182 lll:
686 4127 741 4200 sa·
876 4134 1002 4193 deratins.
1021 4157 1056 4194 m.
1074 4139 1114 4195 2:
1132 4137 1283 4197 steteram.

285 4207 480 4275 asponae..-
497 4209 647 4270 litterarum
659 4225 741 4272 meta·
811 4221 855 4279 21.
873 4221 1027 4280 dilectum.-
1045 4223 1109 4295 ru]
1127 4223 1251 4283 delectum.
