2838 4822
239 219 275 331 ε’
708 271 862 334 marr

241 463 301 530 pro
323 448 411 508 carta
433 433 594 506 adfirmet?
608 473 653 488 ·-
667 433 772 504 hicine
788 432 883 504 lrmrit
895 411 1111 547 haduini
1124 433 1235 556 maior
1253 457 1378 526 qnam

81 581 86 588 ·
173 567 176 572 ·
241 543 304 627 bio,
326 542 445 610 Crerua
466 553 567 612 matre
593 541 652 610 llio
680 538 833 610 incolumi
861 548 955 608 naua
980 559 1154 632 sumesque
1183 539 1275 608 rude
1312 565 1374 632 pa-

240 659 350 716 ternae
372 647 472 737 iugae,
494 669 593 739 quem
614 643 719 726 lulum
740 635 878 714 etmdem
899 643 978 712 Iulia
999 667 1079 736 gens
1099 653 1280 713 auctorem
1308 668 1375 714 no

26 749 30 758 '
130 799 132 804 -
242 751 335 832 nanis
356 751 601 842 sui'mrucupat.
619 750 649 818 is
669 748 833 834 Asoauim,
854 747 1049 840 ubicumque
1076 758 1110 818 et
1136 771 1372 840 quacumque

190 866 342 941 somate
362 857 488 947 genitus
508 895 555 908 -
575 865 662 924 certe
681 866 794 924 murm
814 853 925 922 Aenea
947 861 1073 922 constat
1094 888 1136 913 -ι-
1159 853 1370 921 abundante

240 959 350 1028 Lavini
370 960 583 1045 muuudne,
603 961 773 1030 florentem
793 959 867 1044 iam,
888 969 926 1028 ut
941 955 1016 1027 'tum
1036 981 1089 1026 rea
1112 968 1218 1042 erant,
1252 969 1367 1050 atque
1396 955 1397 960 ’

239 1064 427 1158 opulentam
446 1065 561 1134 rubent
581 1066 675 1134 matri
694 1089 753 1134 seu
774 1087 933 1159 novercae
953 1062 1111 1154 relinquit,
1131 1085 1259 1130 novam
1281 1064 1365 1154 ipse
1396 1101 1397 1160 y

239 1168 337 1236 aliam
364 1167 425 1236 sub
452 1168 578 1240 Albano
605 1180 715 1239 monte
742 1161 912 1252 reddetr,-
925 1191 1008 1260 quae
1028 1168 1070 1236 ab
1091 1166 1155 1236 situ
1175 1179 1362 1256 porrectae

238 1271 273 1338 in
294 1271 391 1340 dorso
411 1273 499 1342 urbis
517 1273 631 1366 Longa
651 1273 733 1342 Alba
753 1272 924 1364 appellata.
945 1272 1027 1340 iuter
1047 1269 1218 1340 Laviuium
1241 1283 1280 1340 et
1300 1273 1360 1340 Al·

123 1455 124 1460 *
193 1388 228 1443 10
239 1374 317 1442 bam
342 1376 488 1468 Longam
514 1378 676 1448 diductam
703 1377 863 1446 coloniam
882 1375 1017 1468 triginta
1043 1375 1144 1444 tanne
1171 1375 1358 1444 interfuere

241 1480 325 1566 anui.
347 1491 473 1550 tautum
493 1494 604 1552 umen
624 1505 704 1574 opes
726 1491 892 1552 creverant
917 1480 1057 1548 maxime
1086 1479 1165 1548 fusis
1190 1477 1357 1564 Emissis,

241 1593 280 1652 ut
295 1607 351 1654 :ue
374 1599 480 1656 morte
508 1589 638 1680 quidem
664 1587 793 1656 Aeneae
819 1607 881 1656 nec
907 1585 1023 1654 deinde
1051 1585 1135 1654 inter
1155 1583 1356 1654 muliebrem

239 1689 373 1758 tutelam
387 1693 673 1786 'mdimentumque
692 1693 834 1784 primum
854 1691 985 1784 puerilis
1006 1690 1096 1781 regui
1109 1712 1243 1760 morere
1259 1715 1353 1758 arma

239 1804 295 1861 aut
309 1795 489 1866 Mezentius
501 1799 695 1888 Etruscique
717 1809 773 1865 aut
792 1797 852 1864 ulli
873 1796 927 1864 alii
948 1795 1078 1864 accolae
1100 1795 1168 1862 ausi
1190 1794 1265 1862 sint.
1282 1817 1352 1884 pax

57 1889 63 1990 ¹.
194 1912 228 1968 15
239 1896 284 1964 ita
306 1913 498 1969 convenerat
516 1913 555 1970 ut
573 1901 718 1969 Etruscis
738 1899 923 1990 Latinisque
949 1899 1065 1966 lluvius
1086 1897 1218 1984 Albula,
1246 1923 1350 1992 quem

128 2024 154 2078 s,
241 2019 327 2070 nunc
354 2003 505 2072 ''liberim
535 2016 662 2088 vocant,
694 2004 767 2072 finis
800 2013 895 2072 esset.
939 2002 1058 2075 Silvius
1084 2002 1198 2071 deirrde
1224 2015 1349 2094 regnat,

80 2138 83 2149 ·
131 2179 137 2191 ,
240 2102 368 2176 Astomi
388 2098 481 2193 flius,
508 2133 586 2178 casu
613 2109 756 2201 quodam
781 2108 816 2176 in
842 2107 931 2176 silvis
952 2119 1056 2177 naun
1082 2107 1264 2176 isAcnean
1284 2107 1346 2176 Sil-

241 2208 330 2278 vium
351 2203 455 2296 &eata
475 2214 503 2282 is
525 2213 641 2282 deinde
662 2213 812 2282 Latinum
827 2212 972 2280 Silvium.
996 2213 1037 2280 ab
1059 2235 1099 2281 eo
1122 2212 1266 2281 coloniae
1289 2211 1345 2278 ali·

90 2336 97 2348 ’
173 2331 178 2346 ’
242 2303 323 2401 quot
338 2315 493 2402 eductae,
518 2317 620 2388 Prisci
643 2317 749 2386 Latini
774 2315 936 2408 appellati.
965 2319 1082 2386 mansit
1106 2316 1202 2385 Silvis
1229 2326 1341 2406 postea

194 2430 229 2499 20
242 2418 389 2488 omuibus
417 2445 600 2514 cognomen
625 2423 681 2514 qui
712 2420 815 2490 Albae
846 2431 1065 2512 regnaverunt.
1114 2419 1228 2488 Latino
1259 2419 1340 2488 Alba

241 2533 339 2608 ortus,
360 2525 444 2593 Alba
464 2527 554 2621 Atys,
575 2527 660 2620 Atye
682 2525 798 2617 Capys,
821 2524 931 2618 Capye
954 2525 1111 2617 Capetus,
1139 2523 1259 2614 Capeto
1287 2525 1337 2592 li·

239 2624 391 2714 bertum.
411 2632 468 2724 qui
492 2633 527 2700 in
553 2632 685 2710 traiecto
712 2629 849 2700 Albulae
875 2630 977 2699 amnis
1005 2631 1189 2700 submersus
1215 2628 1336 2696 celebre

121 2785 129 2796 ,
240 2730 282 2798 ad
306 2745 453 2824 posteros
479 2753 599 2812 nomen
625 2715 750 2806 llurlaini
774 2732 871 2803 dedit
923 2735 1063 2826 Agrippa
1094 2735 1177 2804 inde·
1200 2732 1334 2832 'liberiui

238 2835 331 2922 filius,
352 2852 428 2930 post
447 2841 628 2934 Agrippam
644 2839 802 2910 Romulus
824 2837 943 2906 Silvius
972 2861 991 2904 a
1018 2850 1108 2928 patre
1130 2850 1263 2930 acceptu,
1279 2838 1332 2905 im-

75 2999 82 3012 .
191 2941 328 3028 tipario
349 2941 470 3032 regnat.
514 2945 673 3013 Aventino
695 2941 828 3010 fulrnbre
850 2942 919 3030 ipse
941 2942 1024 3010 ictus
1044 2963 1177 3033 reguum
1197 2968 1253 3033 per
1271 2967 1331 3010 ma-

106 3137 110 3152 ·
166 3112 170 3117 A
239 3065 301 3114 nus
322 3047 461 3117 tradidit
479 3048 509 3116 is
530 3047 675 3147 sepultus
695 3046 730 3112 in
750 3068 792 3114 eo
806 3045 898 3130 colle,
920 3048 976 3138 qui
990 3071 1077 3116 nunc
1090 3073 1163 3138 pars
1178 3049 1329 3116 Romanae

240 3156 294 3216 est
317 3149 419 3232 urbis,
446 3173 627 3242 cognomen
654 3149 730 3218 culli
755 3150 851 3218 feeit
890 3149 992 3220 Proca
1019 3152 1134 3218 deinde
1161 3163 1278 3242 regnat:
1303 3152 1328 3218 is

137 3341 143 3354 .
239 3250 442 3324 Numitorem
464 3264 561 3344 atque
581 3243 745 3324 Amulium
769 3266 925 3348 procreat,
953 3243 1123 3340 Nirmitori,
1151 3257 1206 3348 qui
1231 3255 1326 3347 stirpis

259 3411 284 3466 1.
302 3409 413 3469 hicine:
430 3411 477 3486 P]
496 3411 611 3472 hiccine.
713 3464 717 3474 .
889 3405 1026 3474 deductae.
1040 3414 1113 3472 -ll
1135 3413 1208 3474 Harl.
1225 3413 1257 3472 l.:
1277 3415 1324 3470 uli·

84 3530 92 3536 ·
162 3570 170 3574 ³
259 3495 286 3554 4.
303 3509 460 3582 nuneupat.
479 3531 514 3544 -
533 3498 570 3557 P:
588 3509 744 3600 noncupat.
891 3503 1113 3577 quodeductae:
1130 3503 1157 3560 b.
1172 3521 1196 3560 e.
1212 3501 1326 3585 aliquod

258 3582 427 3641 blavtai:
453 3585 503 3661 ll]
530 3585 702 3648 Latialis·-
719 3587 755 3646 P:
889 3589 1022 3646 eductae.
1192 3615 1195 3626 .
1368 3653 1371 3662 ,

303 3671 406 3732 latini.
432 3729 435 3734 ,
687 3717 690 3722 -
829 3677 872 3734 19.
889 3675 997 3736 Silvis:
1017 3673 1183 3745 P]*Silriis.
1312 3693 1315 3698 ·
1389 3661 1395 3672 ’

257 3759 284 3816 7.
302 3759 458 3836 relinquit:
476 3757 551 3820 Harl.
569 3759 613 3834 l.]
637 3761 755 3840 reliquit.
818 3765 871 3844 120.
890 3769 1104 3840 regnaverunt:
1123 3759 1169 3830 tt]
1189 3767 1323 3836 repant..

213 3893 234 3930 g
302 3875 337 3888 ·-
355 3845 391 3902 P:
410 3847 571 3924 relinquid.
666 3873 668 3881 .
826 3852 870 3910 22.
889 3845 1145 3908 ira‘trur'ector'Pll
1156 3845 1226 3906 Harl.
1240 3845 1317 3920 l.]'in
1396 3873 1397 3898 ÷

241 3932 283 3989 10.
303 3933 456 3992 diductam
469 3935 630 4000 caluariam:
639 3925 695 4010 ll]
710 3957 755 3994 cu·
887 3936 1009 3993 traiectu.

300 4017 404 4092 Ioniam⁸
419 4021 571 4090 deductam.
826 4027 870 4084 26.
887 4041 959 4094 para
972 4041 1112 4089 romanoe
1124 4031 1169 4080 est
1178 4019 1314 4082 urbir:l¹ll

241 4108 287 4165 18.
302 4109 419 4184 aliquot
434 4110 574 4168 eductae:
593 4109 638 4184 P']
651 4109 753 4188 aliquot
825 4114 871 4170 28.
888 4111 1005 4186 stirpis.-
1024 4105 1060 4170 ll.
1077 4113 1183 4188 strips:
1199 4111 1226 4171 P.
1276 4101 1279 4108 ¹
