2838 4822
565 317 673 380 mutua
693 318 717 380 1.
1143 305 1186 372 73

91 467 241 550 metionis
263 483 420 572 quosdam
440 480 584 550 Aricinos
605 500 734 549 senum
754 479 855 548 'lurni
877 502 954 550 auro
981 479 1133 570 conupie
1154 479 1187 547 in

95 573 316 654 deversorium
336 585 405 653 eius
426 585 492 654 vim
513 607 661 676 magrtam
682 584 858 675 gladionurp
878 584 983 652 inferri
1004 583 1088 652 elam
1108 583 1196 650 sine.

15 714 52 734 ·-
92 661 325 759 retffium
347 669 415 756 ¹uua
442 699 536 758 nocte
564 689 704 794 perfecta
732 700 846 773 essent,
873 688 1063 790 'Parqumius
1092 669 1187 778 peulo

91 805 170 862 aute
198 795 303 863 lucem
332 793 438 861 accitis
465 793 504 860 ad
532 815 568 860 se
594 791 786 884 principibus
813 791 998 862 Latinorum
1030 792 1121 884 quasi
1152 817 1189 860 re

90 922 182 966 nova
213 899 413 990 perturbatus
447 919 570 964 moram
604 919 696 962 suam
727 896 909 968 hesternam
939 898 1029 968 vehrt
1056 899 1218 972 deorums

8 997 15 1010 ⁸
76 1006 238 1094 quadam
257 1001 454 1094 providentie
467 973 604 1068 ΜΜίΜιιι
631 999 674 1068 ait
694 999 788 1068 saluti
808 1001 867 1068 sibi
891 1012 987 1093 atque
1006 1003 1068 1070 illis
1081 1001 1189 1090 fuisse.

92 1107 137 1174 ab
160 1107 271 1175 Τιιτιιο
299 1105 439 1174 diei'sibi
460 1116 494 1173 et
513 1104 703 1196 primoribus
723 1105 918 1196 populorum
945 1105 1048 1198 parari
1067 1129 1190 1189 necem,

91 1221 132 1278 ut
147 1210 331 1278 Latinorum
353 1211 441 1277 solus
460 1208 632 1300 imperium
645 1219 769 1276 tenente
791 1209 1012 1300 adgressurum
1025 1209 1123 1278 fuisse
1136 1209 1190 1278 he-

92 1325 204 1384 sterno
228 1315 278 1382 die
300 1315 332 1382 iu
355 1313 506 1383 conciliet
529 1313 657 1380 dilatam
677 1335 748 1380 rem
770 1336 854 1398 esse,
873 1316 965 1406 quod
986 1327 1097 1386 auctor
1117 1337 1190 1383 con·
1278 1353 1282 1364 ι
1410 1357 1413 1364 1

93 1419 158 1488 eilii
180 1419 293 1487 afuerit
314 1443 411 1512 quem
432 1416 572 1486 maxime
593 1426 728 1510 peteret.
749 1416 823 1486 iude
843 1418 931 1488 illem
953 1418 1090 1488 absentis
1110 1421 1189 1488 inse
1203 1439 1237 1496 ιο

94 1507 361 1592 οῑιιίοιῖοιιῗῖεεε
382 1533 500 1606 natam,
522 1522 610 1614 quod
634 1520 789 1588 morando
812 1545 903 1614 spem
920 1523 1105 1592 destituerit.
1125 1548 1193 1592 non

96 1628 251 1711 dubitare,
272 1628 300 1695 si
319 1651 395 1695 vera
418 1628 612 1709 deferantur,
640 1624 717 1716 quin
738 1624 839 1716 prima
866 1627 954 1713 luce,
981 1613 1036 1695 uhi
1060 1639 1191 1698 ventum

97 1730 133 1796 in
155 1731 325 1800 concilium
346 1731 395 1813 sit,
415 1730 533 1798 instruc
547 1753 585 1798 us
608 1752 682 1796 cum
709 1730 944 1798 coniuratorum
970 1757 1067 1800 manu
1093 1757 1190 1800 arma-

97 1845 216 1926 tusque
237 1846 387 1904 venturus
408 1835 458 1902 sit.
481 1834 541 1901 diei
562 1833 737 1924 gladiorum
757 1834 918 1926 ingentem
938 1859 1009 1906 esse
1023 1861 1190 1906 numerum

98 1939 141 2005 ad
175 1963 250 2006 eum
282 1930 491 2007 eonveetmn.'
512 1937 545 2006 id
572 1961 691 2013 vanum
716 1963 818 2008 necne
846 1941 901 2026 sit,
930 1927 1092 2034 extemplo
1120 1941 1238 2016 sciri15

96 2065 205 2133 posse.
227 2067 337 2133 rogare
361 2065 417 2111 eos
443 2054 480 2110 ut
499 2042 572 2109 inde
599 2065 711 2110 secum
738 2045 780 2112 ad
805 2043 950 2112 'summ
976 2037 1113 2115 veniant.
1141 2071 1190 2114 su-

96 2157 242 2237 spectam
269 2147 440 2215 fecit'rem
467 2157 500 2214 et
524 2146 685 2236 ingenium
711 2147 810 2214 'lumi
835 2149 928 2218 ferox
955 2161 987 2218 et
1016 2141 1115 2219 oratio
1137 2150 1190 2218 he-

95 2261 203 2320 sterna
223 2264 264 2321 et
289 2257 379 2319 mora
407 2249 584 2342 Tarquinii,
614 2252 701 2350 quod
728 2252 893 2323 videbatur
918 2257 1055 2324 obeam
1076 2255 1191 2324 differri

97 2356 203 2453 saedis
230 2357 381 2449 potuisse.
395 2365 488 2454 =eunt
512 2353 665 2423 inclinatis
694 2356 824 2448 quidem
852 2359 892 2426 ad
914 2359 1108 2428 credendrun
1128 2361 1190 2428 ani-

97 2460 168 2542 mis,
189 2470 296 2527 tamen
316 2461 376 2527 nisi
396 2459 505 2552 gladiis
527 2458 732 2550 deprehensis
752 2473 857 2530 cetera
877 2486 959 2531 vana
974 2464 1189 2533 existimaturi.
1202 2483 1238 2540 ιο

2 2561 3 2564 ’
98 2563 154 2629 ubi
176 2574 225 2630 est
245 2586 285 2630 eo
306 2574 451 2648 ventum,
472 2563 618 2632 'thumum
640 2589 681 2631 ex
702 2589 816 2635 somno
839 2567 1011 2636 excitatum
1033 2569 1191 2636 circumsi-

97 2677 187 2734 stunt
208 2668 371 2736 custodes:
393 2665 682 2760 conprehensisque
708 2670 807 2737 servis
835 2671 891 2760 qui
916 2672 1045 2740 caritate
1072 2673 1192 2741 donrini

98 2770 164 2840 vim
185 2771 346 2864 parebant,
368 2795 443 2838 cum
463 2772 557 2864 gladii
586 2771 683 2848 abditi
710 2795 752 2840 ex
779 2775 925 2841 omnibus
951 2775 1031 2843 locis
1059 2775 1191 2842 deverti·

97 2876 161 2945 culi
181 2876 447 2968 protraherentur,
470 2876 555 2947 enim
576 2867 846 2946 uffinanifema
873 2901 925 2946 res
953 2877 1020 2946 visa
1046 2878 1191 2982 iniectae

29 3139 31 3146 ι
118 3106 142 3164 1.
158 3123 293 3163 seruume
314 3103 364 3162 ΡΜ
385 3121 420 3163 m.
440 3106 464 3163 1.
487 3124 609 3164 seruose

155 3189 279 3251 timu.

4 3333 9 3343 ,
104 3307 141 3322 -
158 3277 610 3352 ιοιιιιρίιίιιᾶαιιιιεονίιιηιιΡΜ]

161 3367 281 3438 eorrupit
292 3373 323 3419 ut
336 3365 365 3423 in
374 3363 565 3434 deversorium.
573 3398 610 3415 -··

160 3458 192 3508 ut
215 3449 291 3506 abest
308 3451 389 3508 etiam
406 3451 435 3507 iu
452 3449 526 3510 Harl.
543 3471 561 3512 ι.
582 3461 610 3509 et

160 3536 190 3593 in
208 3535 268 3595 cod.
288 3536 375 3596 Rhea.
389 3566 424 3582 -
442 3537 478 3594 P:
497 3539 608 3598 diuers.

116 3628 140 3685 Ρ.
158 3626 283 3682 sineret:
301 3622 350 3682 ΡΜ
367 3643 403 3686 ιιι.
418 3627 442 3684 1.
453 3623 609 3690 ιίιιιιξιιΜ

147 3731 193 3778 ,m
212 3715 239 3772 Ρ.

116 3801 142 3860 Δ.
159 3801 261 3858 accitis
278 3799 387 3860 adse:
405 3799 462 3871 ΡΜ.

117 3890 142 3945 9.
158 3889 276 3944 concilii
295 3889 423 3962 afuerit:
452 3885 501 3945 ΡΜ
524 3907 559 3946 ιιι.
584 3891 609 3948 1.

160 3974 267 4030 concili
282 3975 427 4047 adsuerit:
444 3974 473 4034 Μ
489 3995 525 4038 ms
543 3977 569 4035 2.

102 4061 141 4120 10.
159 4081 246 4137 quem
263 4065 412 4123 maxirncs
429 4061 486 4137 ΡΜ,

102 4151 141 4207 11.
157 4166 241 4224 spem
259 4149 439 4212 destituerit.-
455 4149 511 4212 ΡΜ.

681 3107 724 3166 14.
741 3101 888 3186 ingentem
908 3121 989 3166 'esse
1023 3127 1190 3166 numerum.-

740 3193 790 3252 ΡΜ
805 3193 879 3254 Heri.
894 3195 928 3267 ι.]
946 3187 1089 3272 ingenium¹
1100 3215 1190 3254 uuus·

740 3301 800 3342 rum
818 3301 886 3342 esse.

681 3369 723 3428 15.
741 3389 866 3426 uanum·
884 3367 942 3426 ΡΜ.

679 3457 723 3516 16.
740 3477 854 3514 serum:
866 3455 915 3514 ΡΜ
927 3475 964 3515 ιιι.
974 3457 1003 3530 Ρ.
1014 3455 1190 3517 secundum.-

740 3541 768 3598 Μ
785 3564 821 3602 ιιι.
840 3546 865 3603 1.

680 3629 724 3700 19.
741 3631 859 3688 caedis:
876 3627 921 3702 P]
940 3627 1043 3688 caedes.

679 3717 725 3775 ΡΟ.
742 3717 957 3774 existimanti:
969 3715 1000 3776 P.
1018 3749 1052 3760 -
1069 3716 1098 3774 Μ
1110 3735 1144 3775 ιιι.
1159 3718 1190 3774 1:

741 3803 969 3864 existimaturos.
987 3807 1019 3862 Ρι
1038 3806 1189 3862 existiman·

741 3898 792 3948 tur.

678 3978 722 4036 ΡΜ.
740 3979 1043 4055 conpraehcneisqucr
1058 3975 1088 4035 Ρ.

679 4065 723 4122 2³.
741 4064 931 4124 deuerticuli:
949 4063 1005 4123 ΡΜ.

679 4153 722 4210 st.
741 4153 818 4213 caim
835 4173 923 4214 ueros
940 4151 997 4211 ΡΜ.
