2866 4724
231 287 278 354 38
614 291 618 301 “
707 295 852 358 uiuunt

188 475 196 540 t
231 457 359 550 genium
385 457 546 534 dictatoris
574 459 727 551 corrupit:
754 469 789 528 ct
814 457 966 550 quonism
990 471 1078 528 recta
1098 457 1228 530 consilia
1250 459 1331 529 haut

231 565 313 630 bene
335 576 518 652 evenerant,
537 565 642 660 pravis
663 563 866 632 reconciliare
888 564 1089 656 popularium
1112 565 1234 632 animos
1257 589 1330 633 coe-

229 665 403 758 pitigiun
422 681 460 741 ut
479 657 566 762 prius
587 663 621 734 in
641 663 727 734 bello
748 691 863 756 pacem
883 669 930 738 sic
949 670 983 738 in
1002 691 1083 760 pace
1097 669 1219 738 bellmn
1233 695 1329 761 quae·

231 793 315 858 rous,
336 773 413 863 quia
433 797 511 842 suae
532 770 649 840 civitati
670 770 849 840 annnorum
870 773 943 865 plus
965 797 1064 864 quarn
1084 773 1199 842 virium
1221 798 1329 843 cerne-

202 875 290 948 stat
310 871 392 962 esec,
412 876 455 945 ed
474 873 598 944 bellum
618 875 726 966 palam
747 887 844 968 atque
866 902 908 947 ex
930 877 1034 972 edicto
1051 880 1228 970 gerundum
1250 879 1332 948 alios

233 983 372 1052 concitet
397 977 550 1072 populos,
576 980 643 1050 suis
669 1005 729 1070 per
755 982 899 1072 speciem
927 983 1085 1052 societatis
1117 983 1331 1074 proditionem

159 1171 162 1182 Ι
233 1096 384 1174 reservat
415 1083 597 1169 Fidenates,
616 1083 741 1154 colonia
763 1085 917 1171 Romana,
938 1086 1125 1157 Veientibus
1146 1087 1241 1154 sociis
1256 1109 1331 1158 con·
1427 1117 1428 1122 ¹

232 1181 491 1280 dtii'adsurnptts
511 1200 608 1280 pacto
629 1188 822 1258 transitionis
842 1189 1040 1261 Albanorum
1068 1191 1110 1259 ad
1137 1191 1259 1259 beilum
1287 1204 1331 1260 at·

233 1317 297 1386 que
320 1318 408 1363 arma
429 1291 606 1364 induam.
628 1317 704 1364 cum
724 1293 862 1364 Fidenae
885 1309 994 1388 aperte
1015 1297 1197 1380 descissent,
1216 1295 1332 1364 Tullus

186 1413 221 1472 ιο
232 1398 346 1467 Mettio
368 1397 574 1489 exercituque
596 1397 665 1468 cius
687 1399 728 1466 ab
742 1399 825 1470 Alba
847 1401 948 1470 accito
969 1412 1080 1470 contra
1102 1399 1211 1469 hostes
1234 1401 1331 1490 ducit.

232 1502 289 1572 ubi
301 1501 459 1572 ¹Anienem
479 1501 601 1588 transit,
622 1504 663 1571 ad
677 1504 864 1574 confluentis
879 1505 1018 1577 collocat
1032 1515 1143 1575 castra.
1159 1505 1241 1574 inter
1256 1527 1332 1573 eum

232 1607 343 1677 locum
370 1617 405 1677 et
428 1606 565 1676 Fidenas
592 1607 776 1678 Veientium
802 1611 961 1681 exercitus
988 1609 1131 1680 Tiberim
1156 1608 1331 1677 transierat.

232 1711 266 1780 hi
289 1710 375 1781 etin
396 1709 465 1782 acie
486 1734 593 1804 prope·
605 1714 733 1783 druueu
751 1713 884 1787 tenuem
906 1717 1055 1788 toruum
1075 1737 1187 1798 cornu,
1207 1713 1241 1782 in
1259 1713 1332 1781 sini-

233 1827 300 1886 stro
320 1814 488 1886 Fidenates
508 1817 642 1908 propius
662 1831 791 1888 montes
812 1821 1000 1890 consistrmt.
1043 1819 1158 1890 'lirllus
1181 1820 1334 1886 adversus

186 1936 221 1996 15
234 1921 402 1990 Veientem
422 1919 553 1989 hostem
572 1921 677 2011 dirigit
695 1945 783 2006 suos,
809 1922 951 1994 Albanos
972 1934 1083 1992 contra
1103 1921 1264 2010 legionem
1283 1921 1334 1988 Fi-

234 2024 396 2094 denatum
417 2024 575 2095 conlocat
618 2022 744 2094 Albano
759 2047 828 2094 ,nou
840 2027 916 2116 plus
930 2026 1026 2096 animi
1046 2035 1115 2095 erut
1129 2047 1228 2115 quern
1242 2023 1335 2094 fidei:

233 2152 294 2197 nec
313 2153 445 2200 manere
466 2151 544 2220 ergo
565 2151 627 2198 nec
648 2131 779 2214 transire
802 2141 912 2221 aperte
933 2149 1030 2198 ausus
1052 2128 1172 2220 sensim
1189 2131 1229 2196 ad
1245 2147 1336 2199 nton-

233 2245 282 2302 tes
303 2235 455 2306 succedit.
470 2233 560 2316 iude,
582 2232 639 2300 ubi
658 2235 735 2301 satis
757 2233 881 2302 subisse
902 2257 975 2303 sese
996 2243 1084 2302 ratus
1106 2243 1164 2320 est,
1186 2232 1275 2326 erigit
1287 2247 1335 2302 to
1427 2287 1428 2300 ,

105 2351 107 2358 ’
142 2379 156 2416 a
233 2349 301 2407 tam
321 2332 439 2424 eciem,
459 2339 682 2428 fluctuansque
705 2338 828 2423 animo,
848 2349 887 2407 nt
906 2350 1024 2408 tereret
1042 2339 1336 2428 tempus‚¹ordincs

187 2461 222 2517 w
235 2443 384 2535 explieat.
404 2441 579 2512 consilium.
595 2452 672 2526 erat,
692 2463 757 2532 qua
778 2442 905 2512 fortuna
926 2465 996 2512 rem
1006 2445 1110 2528 daret,
1131 2467 1169 2511 ea
1183 2425 1335 2512 inclinare

233 2549 327 2616 vires·
348 2547 503 2618 miraculo
524 2545 630 2638 primo
651 2545 897 2615 ess‘esliomanis
924 2548 1145 2642 quipruximi
1172 2543 1335 2636 steterant,

233 2664 271 2720 ut
290 2652 403 2723 nudari
422 2653 522 2727 lutera
542 2674 601 2719 sna
613 2651 777 2721 sociorum
790 2653 932 2744 digressu
940 2665 1128 2724 senserunt:
1144 2653 1218 2723 inde
1234 2674 1335 2745 eques

152 2790 160 2800 ·
234 2757 330 2826 citato
349 2781 438 2849 equo
458 2756 583 2826 nmrfiat
602 2756 669 2850 regi
690 2755 777 2825 abire
791 2758 942 2827 Albanos.
964 2755 1079 2826 tullus
1101 2759 1135 2826 in
1156 2783 1191 2826 re
1211 2757 1334 2848 trepida

235 2863 406 2930 duodecim
434 2854 531 2940 uouit·
546 2861 646 2930 salios
671 2861 810 2952 fanaque
837 2861 954 2930 Pallori
981 2880 1020 2930 ac
1042 2861 1170 2931 Pauori.
1192 2863 1335 2954 equitem

95 3022 98 3032 ,
189 2981 224 3036 25
236 2967 319 3034 claro
340 2967 508 3057 iuurephrs
528 2988 610 3033 voce
624 2977 662 3033 ut
674 2965 785 3034 hostes
796 2965 995 3050 exaudirent,
1010 2967 1113 3035 redire
1127 2969 1164 3034 in·
1174 2965 1334 3058 proelium
1426 2997 1427 3012 ι

233 3071 338 3139 iubet:
366 3071 445 3140 nihil
470 3069 679 3162 trepidatione
706 3093 788 3160 opus
804 3093 904 3140 tesser
937 3093 997 3141 suo
1024 3071 1114 3141 iussu
1141 3069 1335 3140 circmnduci
1426 3063 1427 3100 *

235 3177 396 3260 Albanum
410 3175 586 3247 exercitum
603 3173 642 3241 ut
652 3173 851 3246 Ftdmrtium
866 3177 951 3244 nuda
965 3188 1052 3268 terga
1066 3176 1225 3245 invadant
1248 3175 1334 3242 idem
1361 3214 1364 3224 ·

236 3281 373 3373 imperat
393 3293 430 3352 ut
449 3281 559 3352 hastos
579 3277 703 3372 equites
725 3281 845 3374 erigere
865 3282 983 3352 iubeat.
1004 3281 1037 3350 id
1058 3282 1178 3352 iactum
1199 3297 1333 3372 magnae

1027 3383 1041 3416 Χ

206 3429 210 3440 ⁸
254 3449 280 3506 1.
297 3457 328 3504 ct
344 3449 493 3526 qnoniam.
509 3475 546 3491 -
563 3443 627 3507 PM:
643 3453 673 3502 et
688 3435 744 3526 q—m.
821 3449 865 3507 21.
882 3447 1041 3504 invadant.-
1058 3444 1117 3506 ΡΜ.

238 3536 281 3594 11.
297 3538 419 3594 transui:
435 3534 507 3607 ΡΜ]
524 3533 654 3593 uomitu
753 3604 755 3612 y
820 3565 868 3586 -.
883 3535 962 3591 Hem
978 3537 1117 3610 imper-ud:
1134 3529 1184 3588 ΡΜ
1199 3527 1273 3590 Harl.
1291 3532 1332 3603 n]

236 3653 272 3666 -·
298 3623 341 3684 tul
357 3624 550 3696 confluentis:
567 3619 650 3680 tto,
667 3624 692 3681 1.
709 3619 758 3693 1²}
883 3620 970 3678 eidem
987 3623 1110 3700 imperat.
1257 3651 1259 3658 ν

299 3709 333 3766 ud
351 3707 525 3767 confluentes.
543 3707 594 3780 [tt
610 3719 650 3768 tm
664 3708 707 3781 2]
820 3707 863 3769 18.
880 3711 996 3787 erigere
1013 3707 1118 3764 tutem
1137 3735 1171 3746 -
1189 3703 1225 3760 P:
1240 3704 1333 3783 crige-
1425 3701 1426 3772 ζ

238 3798 281 3855 13.
298 3794 337 3855 hi.
355 3827 388 3840 -
406 3793 470 3852 PM:
488 3793 536 3854 hii.
878 3795 1060 3856 conticebant.
1074 3789 1101 3849 dl
1113 3793 1202 3850 mida
1218 3794 1333 3871 erigere
1425 3845 1426 3874 r

211 3899 217 3908 ·
234 3887 281 3958 ps.
299 3884 416 3962 dirigit:
434 3881 469 3942 tl.
487 3914 522 3926 -
539 3881 575 3941 P:
594 3883 712 3963 derigit.
751 3889 753 3894 '
879 3884 1028 3960 erigerent
1035 3879 1140 3938 iubeat.
1150 3899 1184 3940 m.
1193 3882 1233 3940 d:
1245 3881 1331 3937 iudet.

237 3973 283 4032 2⁰.
300 3991 361 4048 qua
370 3970 576 4044 seducerem
589 3972 749 4039 daretem
856 3966 1057 4029 [dubitandum
1075 3967 1214 4044 igiturest
1231 3989 1265 4024 an
1284 3965 1331 4022 Li-

296 4056 366 4131 Pdl]
391 4079 445 4136 quo
464 4057 571 4120 fortuna
590 4079 646 4118 rem
663 4058 750 4128 daret,
882 4058 942 4115 ,rtur
952 4055 1105 4134 scripserit:
1118 4046 1196 4114 idem
1205 4057 1332 4131 imperat

296 4165 338 4206 co.
357 4175 391 4190 -
410 4143 449 4202 tt:
469 4152 508 4206 ei.
870 4141 926 4216 ¹,[.h.
938 4163 971 4203 e.
988 4141 1113 4220 -nugleicli
1139 4143 1330 4215 befieltltperh
