2750 4720
226 271 293 344 sro
467 217 472 230 ⁸
706 283 812 344 nrm
831 283 862 344 v.

227 450 396 518 decursum
417 460 478 534 est,
497 459 535 516 ut
555 448 611 540 qni
632 469 668 526 sp
690 449 888 540 domumque
913 445 1090 540 reiigione
1114 445 1318 516 exsolverent

227 555 281 636 iet,
301 577 376 620 curn
393 554 524 622 sibimet
545 553 613 644 ipse
634 551 784 644 praedem
806 563 1179 634 aestumasset-eoem,
1204 552 1319 620 decuma

227 657 363 750 pretium
385 659 482 750 pertis
503 657 534 726 in
557 655 720 748 publicum
747 655 900 740 deferret,
932 667 976 726 ut
1008 682 1057 726 ex
1087 681 1132 725 eo
1162 657 1276 723 donum
1293 679 1319 720 m

196 757 317 830 'reum
339 762 470 854 dignum
496 759 702 852 amplitudine
729 759 841 852 templi
868 785 908 828 ac
940 761 1092 830 numine
1125 761 1177 830 dei
1199 785 1238 827 ex
1258 759 1319 848 digri

191 851 292 936 stite
314 865 426 960 populi
447 863 582 933 Romani
609 863 707 932 fieret.
747 887 785 932 ea
812 871 950 956 quoque
982 866 1140 934 conlatio
1169 864 1266 956 piebis
1284 861 1320 927 ani

226 993 299 1066 mpe
328 997 347 1040 a
374 969 510 1038 Camillo
536 967 694 1038 alienavit,
730 967 814 1036 inter
840 968 922 1037 haec
960 969 1185 1062 pacificatum
1214 967 1320 1058 legatia

227 1077 355 1146 Volscis
369 1087 402 1143 et
413 1072 532 1164 Aequis
547 1083 709 1155 venerunt,
730 1072 968 1166 impetrataque
987 1099 1072 1166 pax,
1086 1073 1203 1162 'magis
1219 1083 1251 1138 nt
1264 1071 1320 1136 [essa

227 1193 293 1252 tem
314 1179 434 1248 diutino
456 1177 542 1245 bello
560 1175 779 1268 adquiesceret
800 1177 909 1246 civitas
931 1203 1048 1272 quam
1074 1177 1171 1270 quod
1194 1175 1270 1266 digni
1284 1181 1318 1264 pe·

225 1295 337 1356 terent.

177 1403 214 1460 1⁰
311 1385 430 1456 XXIV.
474 1384 550 1456 Veis
571 1385 673 1478 ceptis
693 1409 751 1454 sex
773 1387 916 1457 tribunos
937 1388 1095 1456 militurn
1109 1382 1265 1454 consulari
1280 1403 1316 1470 po

147 1520 150 1531 ¹
223 1501 338 1563 testate
358 1491 531 1583 insequens
552 1515 654 1558 annus
680 1491 805 1575 habuit,
832 1493 912 1560 duros
934 1491 1084 1564 Publios
1109 1486 1270 1557 Comelios
1287 1519 1314 1529 -

223 1597 362 1665 Cossum
394 1607 428 1684 et
453 1595 639 1686 Scipionem
661 1636 704 1648 —
730 1594 775 1665 M.
805 1597 979 1688 Valerium¹
1001 1595 1194 1663 Maximum
1227 1589 1312 1656 iterun

222 1701 402 1770 Caesonem
426 1699 561 1770 Fabium
583 1700 774 1768 Ambustum
801 1693 929 1770 tertium
953 1699 994 1770 L.
1025 1698 1171 1766 Furium
1197 1687 1312 1762 Medulli·

222 1831 300 1876 nnm
322 1807 469 1898 quintum
483 1803 523 1892 Q.
538 1803 707 1874 Servilium
728 1805 865 1873 tertium.
904 1804 1072 1875 Corneliis
1088 1801 1247 1872 Faliscum
1265 1792 1308 1859 bel·

177 1925 211 1982 15
221 1911 298 1994 ium,
322 1909 451 1978 Valerio
478 1933 516 1978 eo
536 1909 671 1978 Servilio
694 1909 840 2000 Capenas
866 1921 952 1978 sorte
979 1909 1110 1980 evenit.
1151 1905 1192 1972 ab
1213 1903 1247 1968 iis
1264 1920 1309 1965 nou

221 2015 316 2082 urbes
337 2014 370 2082 vi
393 2023 449 2082 aut
476 2013 626 2104 oporibus
651 2024 825 2105 temptatae
851 2014 910 2083 sed
937 2039 1017 2106 eger
1041 2024 1097 2082 est
1124 2005 1305 2100 depopulatus

220 2121 427 2210 praedaeque
443 2141 551 2186 rerum
571 2117 742 2208 agrestium
771 2128 880 2188 actae:
908 2117 1005 2186 nulla·
1027 2117 1112 2185 felix
1141 2114 1233 2211 arbor
1251 2102 1304 2173 nihil

219 2221 403 2314 frugiferum
424 2221 457 2289 in
479 2245 555 2312 agro
575 2221 731 2291 relictum.
770 2245 808 2291 ea
823 2221 931 2291 clodos
945 2220 1155 2312 Capenatem
1174 2212 1301 2308 populum

281 2439 355 2500 Harl.
372 2459 390 2500 r.
406 2438 519 2500 heims.
540 2438 575 2501 ei.
597 2469 633 2486 -
661 2439 732 2499 Atria
864 2440 950 2499 tribus
974 2441 1097 2500 militum
1121 2435 1251 2498 consulari
1266 2447 1298 2506 pc

277 2528 456 2590 leuissimum.
863 2539 968 2590 testate.
998 2529 1022 2586 P
1040 2551 1080 2591 m.
1097 2531 1139 2589 ⁸2:
1160 2545 1207 2584 sex
1223 2514 1299 2578 mauu

234 2617 261 2678 ὓ.
279 2637 345 2678 cum
368 2619 485 2678 «romu
506 2618 570 2694 ipse
586 2616 732 2693 praedam
861 2627 913 2678 cet
938 2617 1020 2676 nm.
1038 2622 1082 2676 3.·:
1100 2636 1151 2673 sex
1168 2611 1281 2670 tribunor-

278 2715 569 2766 aesrmzmsetsuam
576 2705 731 2764 decumae:
802 2705 844 2764 1¹.
862 2706 940 2763 duos
957 2703 1087 2762 Publios
1106 2697 1262 2762 Cornelios.
1273 2715 1296 2728 ’

278 2793 316 2866 Ρ]
334 2815 397 2854 cum
413 2795 522 2856 sibimet
534 2791 731 2875 ipsepmedam
862 2791 904 2850 M:
923 2791 991 2848 duos
1009 2793 1123 2869 publius
1143 2790 1209 2846 duos
1223 2794 1292 2838 curor

278 2883 446 2938 aestimasset
454 2901 539 2950 snam,
551 2879 670 2939 decimae
679 2887 730 2940 oet.
861 2867 913 2936 lios
932 2898 1038 2935 coenum
1057 2889 1086 2935 et
1104 2877 1253 2953 scipionem·
1268 2861 1293 2919 P:

277 2997 311 3008 -··
331 2965 374 3022 M:
392 2987 454 3024 cnm
465 2967 642 3048 sibimetipse
653 2987 728 3044 prac—
863 2965 933 3022 dnos
950 2987 977 3046 p.
994 2967 1134 3026 cornelios
1153 2971 1202 3020 eet.

276 3051 338 3108 clam
356 3061 490 3110 aestumas
512 3051 560 3107 ned
582 3073 657 3112 suam
676 3052 710 3109 de
799 3052 842 3112 13.
861 3054 1024 3109 Caesonem
1050 3055 1179 3111 Fabium
1205 3040 1290 3104 Amba·

274 3157 377 3194 cumae.
403 3137 439 3193 1²2
460 3137 600 3216 praetium.
621 3168 655 3179 —
683 3137 727 3195 Me
859 3147 938 3196 etum
953 3141 1087 3196 tertium:
1105 3138 1181 3198 Harl.
1191 3156 1208 3193 1.
1221 3162 1248 3175 -·
1261 3124 1290 3182 ”¹³

274 3225 385 3300 dignm
408 3222 611 3301 amplitudinem
632 3223 726 3300 templi
799 3223 808 3236 '
858 3239 999 3286 cacconem
1028 3226 1132 3285 fabium
1160 3224 1288 3283 ambusto·

275 3333 306 3372 ao
317 3313 427 3372 nurnine
436 3312 498 3370 dclx
510 3314 514 3384 Ι
525 3311 660 3387 dignitetc.
672 3314 725 3390 pir.
857 3314 962 3376 iterum.
980 3313 1016 3376 P:
1034 3332 1192 3373 cremonem
1208 3305 1290 3366 sabim

272 3421 308 3462 m.
320 3403 361 3459 Ἅι
379 3399 561 3478 amplitudine.
578 3397 615 3457 P:
633 3420 666 3457 ex
683 3399 724 3458 di·
853 3401 1005 3460 ambustum
1022 3404 1127 3466 iterum.
1145 3431 1179 3444 -
1198 3392 1251 3453 PM‘
1265 3391 1285 3461 'i‘

271 3489 372 3562 gnitate
388 3494 432 3564 ps.
855 3486 993 3545 seruilium
1010 3493 1128 3549 tertium.

226 3574 291 3644 §.ro
310 3573 449 3630 Volscis.-
467 3573 532 3647 Pu]
550 3595 564 3630 a
582 3574 697 3634 Volscis.
796 3574 839 3634 15.
856 3584 937 3634 sorte
955 3579 1069 3634 euenit:
1081 3577 1111 3636 P.
1125 3605 1158 3619 -
1174 3569 1215 3628 ns
1229 3564 1284 3620 fone

226 3661 251 3717 7.
270 3659 487 3733 impetratoque
507 3681 586 3735 pax.-
609 3661 665 3723 PM.
689 3694 724 3722 -.
854 3664 952 3721 euenit.
965 3695 998 3706 -
1011 3663 1074 3722 Pu:
1091 3665 1124 3721 ab
1142 3663 1175 3718 iis
1192 3673 1240 3715 non
1250 3663 1283 3703 uf·

268 3743 341 3802 Harl.
353 3763 370 3803 r.
382 3743 486 3805 heinr.
497 3746 626 3824 multique
639 3769 722 3808 rece:
857 3747 905 3804 bes
923 3751 950 3806 ni
969 3759 1019 3812 aut
1032 3752 1156 3828 operibus
1177 3741 1284 3816 temP²³²⁶

266 3834 400 3912 inpetrata
417 3851 478 3910 pax.
501 3863 535 3876 -·
560 3833 623 3892 nnn
643 3856 723 3914 quam
855 3834 904 3892 scd
928 3846 979 3897 cot.
1002 3869 1036 3882 -
1064 3838 1092 3895 nl
1115 3859 1149 3895 nr.
1168 3836 1202 3891 1·=
1223 3839 1280 3899 ‘'tf‘'

266 3919 341 3996 quod
359 3919 437 3997 dtgnr
454 3929 584 3998 peterent.
853 3925 943 3982 etium.
974 3943 1009 3983 m.
1031 3928 1071 3984 2:
1095 3923 1236 3999 agrestium·
1255 3938 1281 3950 ‘

208 4007 249 4064 1⁰.
268 4007 342 4064 Veis
358 4011 471 4083 captis.-
495 4007 562 4082 PM]
582 4009 654 4067 Veiis
677 4032 720 4068 eo·
849 4009 922 4071 Po.
936 4015 973 4067 1.:
992 4010 1062 4067 nolle
1081 4011 1143 4068 seiIx
1156 4000 1277 4064 aetertu-

268 4096 331 4170 pt'n.
345 4125 377 4140 -
392 4094 417 4150 P
434 4117 470 4156 m.
489 4100 513 4156 1.
526 4097 553 4156 Μ
564 4117 600 4157 m.
619 4100 720 4156 1.r·scx
853 4115 889 4155 m.
907 4098 947 4158 Ἅι
965 4097 1035 4158 nulia
1053 4099 1117 4159 felix
1135 4095 1216 4155 arbor.
