2812 4724
233 293 327 405 336¹
695 301 879 362 tmuttutss

235 473 313 540 dum
335 471 449 538 decent
469 465 613 534 mbunos
634 465 739 557 plebei
760 465 893 536 laceret:
914 465 1169 560 insectandisque
1195 467 1376 558 patribus

235 617 275 628 -
306 575 391 642 unde
412 572 537 662 Aspero
566 570 661 638 etium
687 571 822 640 inditum
849 581 899 638 est
925 593 1103 662 cognomen
1124 609 1169 624 -
1200 573 1373 640 tribuna-

235 693 306 750 tum
327 675 432 768 gessit.
469 675 546 744 lude
567 675 613 744 M.
635 675 794 767 Geganius
815 674 995 744 Macerinus
1024 687 1057 744 et
1077 676 1115 744 C.
1136 676 1248 744 lulius
1287 701 1373 746 cou-

236 783 323 852 sules
343 781 418 848 lacti
440 779 659 856 contentiones
672 780 872 851 tribunorum
885 781 1037 848 adversus
1050 781 1212 850 nobilium
1235 781 1371 852 iuven·

200 899 339 980 stutem
361 896 446 954 ortas
469 873 536 953 sirie
557 883 763 954 insectatione
784 884 952 975 potestatis
973 885 1043 954 'eius
1058 898 1260 954 conservata
1288 885 1365 956 ma·

228 993 345 1068 iestale
367 1002 495 1082 petrum
515 989 675 1058 sedavere.
712 989 842 1081 plebem
864 990 994 1068 decreto¹
1009 991 1049 1057 ad
1064 990 1187 1074 bellum
1203 991 1362 1080 Vulsco-

147 1164 152 1182 ,
235 1122 308 1166 rum
335 1108 368 1164 et
389 1093 577 1189 Aequorum
604 1093 722 1162 dilectu
749 1093 933 1164 sdstinendo
962 1115 1032 1163 rem
1058 1093 1099 1160 nb
1127 1095 1358 1165 seditionibus

237 1201 430 1290 continuere,
451 1199 573 1267 urbano
596 1222 728 1291 quoque
751 1199 818 1278 otio
840 1199 917 1268 loris
939 1199 1046 1266 omnia
1074 1199 1256 1290 tranquilla
1280 1225 1359 1270 esse

236 1305 453 1389 adfirmantes,
480 1327 539 1394 per
560 1299 731 1379 discordias
754 1303 861 1372 civiles
890 1314 1039 1372 extemos
1066 1303 1182 1372 tollere
1207 1306 1356 1376 animos.

44 1428 48 1454 .
104 1490 109 1508 ἱ
190 1429 227 1484 10
237 1435 312 1478 cura
333 1409 420 1501 pacis
443 1409 631 1479 concordiae
655 1431 785 1500 quoque
806 1407 971 1478 intestinae
994 1429 1090 1476 causa
1110 1407 1178 1477 brit.
1215 1385 1285 1478 sed
1310 1411 1355 1478 al·

235 1527 285 1583 ter
305 1537 433 1606 semper
454 1514 534 1582 ordo
556 1514 659 1606 gravis
688 1513 816 1594 ulterius
840 1512 1019 1582 modestiae
1045 1523 1128 1582 erat:
1162 1515 1351 1605 quiescenti

235 1619 323 1711 plebi
344 1619 385 1686 ab
413 1619 588 1692 iturioribus
617 1629 744 1711 petrum
768 1617 898 1686 iniuriae
926 1616 996 1686 lieri
1024 1629 1168 1710 coeptae.
1206 1621 1267 1686 ubi
1297 1621 1350 1688 tri-

173 1713 176 1734 ‘
236 1723 314 1792 buni
337 1725 453 1793 auxilio
475 1724 696 1802 humilioribus
719 1721 895 1806 essent‚›in
916 1721 1025 1812 primis
1045 1746 1160 1813 pamm
1181 1723 1347 1814 proderat,

160 1837 163 1844 ’
235 1828 350 1898 deinde
370 1853 413 1896 ue
434 1830 495 1922 ipsi
518 1830 647 1922 qrridem
668 1826 810 1898 inviolati
833 1836 923 1896 erant
944 1826 1053 1918 utique
1067 1827 1240 1918 postremis
1256 1854 1344 1898 meu-

191 1949 225 2005 15
237 1929 333 2018 sibus,
355 1957 430 2002 erun
452 1945 485 2002 et
507 1959 566 2025 per
586 1933 740 2005 coitiones
762 1931 979 2024 potentiorum
999 1931 1110 2000 miuria
1131 1932 1223 2000 fieret
1246 1946 1281 2026 et
1293 1934 1342 2002 vis

237 2033 404 2128 potestatis
433 2039 536 2106 omnis
563 2039 725 2128 aliquanto
752 2036 927 2128 posteriore
951 2037 1024 2102 anni
1045 2047 1137 2128 parte
1166 2038 1342 2129 languidior

223 2141 339 2210 ·ferme
362 2154 457 2210 esset.
495 2141 622 2232 iamque
650 2141 742 2233 plebs
764 2141 808 2208 ita
829 2139 863 2208 in
889 2137 1051 2210 tribunatu
1077 2165 1199 2233 ponere
1221 2133 1340 2235 aliquid

237 2245 323 2334 spei,
350 2246 378 2312 si
399 2245 518 2314 similes
540 2245 628 2312 lcilio
654 2245 798 2312 tribunos
819 2243 966 2311 haberetr
999 2245 1130 2314 nomina
1156 2258 1283 2316 tantum
1304 2273 1337 2317 se

237 2347 365 2417 biennio
389 2349 549 2418 habuisse.
586 2347 727 2416 seniores
750 2359 860 2416 contra
888 2358 1016 2440 patrum
1037 2362 1075 2417 ut
1101 2351 1194 2420 nimis
1215 2354 1338 2424 feroces

191 2463 314 2524 nosnos
338 2453 467 2521 credere
489 2451 620 2522 iuvenes
643 2475 727 2536 esse,
749 2453 792 2521 ita
814 2451 926 2536 malle,
948 2452 975 2521 si
997 2455 1113 2522 modus
1137 2458 1336 2528 excedendus

239 2567 333 2643 essct,
354 2558 418 2626 suis
441 2584 540 2651 quam
563 2559 748 2631 adversariis
770 2581 939 2650 superesse
962 2559 1094 2628 animos.
1130 2561 1213 2631 adeo
1230 2567 1336 2632 mode-

18 2687 19 2690 *
95 2682 118 2727 l
236 2663 316 2732 ratio
337 2663 475 2752 tuendae
496 2664 658 2748 libertatis,
684 2665 760 2732 dum
781 2663 911 2756 aequari
932 2663 1014 2732 velle
1037 2661 1215 2736 simulando
1236 2670 1279 2737 ita
1300 2693 1334 2738 se

56 2865 73 2946 s
299 2856 363 2914 dnm
389 2853 483 2916 decern
499 2858 636 2922 'tribunos
663 2855 753 2936 plebei
825 2859 868 2916 10.
886 2875 980 2916 nauso
991 2858 1073 2928 fuit:
1091 2847 1174 2917 ll.-
1191 2857 1224 2918 P:
1241 2876 1333 2916 causae
1354 2915 1360 2926 ,

250 2995 255 3002 .
300 2942 409 3004 luceret.
466 2996 469 3002 .
741 2963 755 2998 f
883 2943 1330 3023 luitsedslitersempsrurdccet.

253 3029 282 3086 3.
299 3029 484 3096 Macerr'nus:
502 3031 558 3105 Sip
577 3051 610 3092 ex
627 3032 681 3094 tab.
699 3032 752 3089 Ca·
824 3033 866 3090 ll.
885 3029 993 3088 deinde
1013 3047 1051 3088 ne
1073 3033 1133 3106 ipsi
1153 3034 1283 3110 quidem.-
1300 3033 1329 3095 P.

299 3117 347 3192 pit.
359 3145 395 3160 ·-·
407 3116 441 3182 Pr
456 3134 490 3175 ru.
503 3119 619 3176 acrinus.
637 3115 677 3174 tl:
689 3119 752 3174 inde
882 3147 917 3158 -
934 3115 973 3172 ll:
992 3117 1090 3176 deinde
1107 3121 1161 3198 ipsi
1174 3120 1284 3198 quidem.
1295 3151 1328 3168 ···

298 3212 339 3270 sn.
358 3205 508 3280 geganius}
528 3213 563 3262 m.
581 3205 699 3262 acrinus.
882 3203 957 3272 Psm.
978 3207 1016 3264 t:
1034 3207 1132 3265 iniuria
1149 3208 1251 3268 fierem.
1277 3279 1279 3284 Ι

254 3290 280 3348 d.
298 3293 513 3348 contentiones:
528 3291 587 3350 cot:
599 3289 709 3369 Neapol.
724 3299 751 3346 et
822 3293 865 3353 18.
883 3295 913 3354 ei
927 3295 1041 3351 similes
1051 3294 1155 3352 Icilio.-
1171 3294 1241 3353 illm.
1258 3296 1326 3362 2?-

297 3397 331 3434 ex
356 3379 425 3437 coni.
444 3375 520 3454 Sip]
545 3380 677 3439 coitiones
699 3384 759 3446 (etr¹
837 3423 841 3430 .
883 3377 916 3438 M.
928 3401 963 3440 m.
981 3383 1008 3442 l.
1025 3379 1061 3437 P:
1078 3384 1103 3438 sl
1119 3382 1222 3440 similes
1233 3381 1325 3442 cicilio.

296 3466 417 3524 eiusdem
425 3465 519 3542 Sigoni
538 3465 749 3534 consumpti:
882 3497 916 3508 -
934 3466 1159 3530 bituminatam
1175 3480 1230 3528 tun
1245 3489 1282 3529 se.

295 3555 455 3617 contiones.
475 3553 582 3622 ctus,
600 3553 749 3622 39.s·‚,bac
820 3553 864 3612 20.
882 3556 1021 3616 credere:
1047 3555 1103 3616 ΡΜ.
1130 3587 1165 3598 -
1198 3555 1268 3615 Leit.
1292 3575 1323 3616 u:
1347 3567 1350 3573 '

251 3704 253 3710 Α
296 3635 387 3694 sedata
406 3643 598 3718 conteutinuct‘
614 3648 674 3698 uet.¹
720 3697 724 3706 ,
762 3661 769 3682 ⁸
882 3641 1029 3704 crederent.
1041 3643 1237 3700 -l12iuuenes
1249 3645 1320 3718 &nti

251 3723 279 3782 ὅ.
297 3725 363 3780 sinc
382 3715 598 3786 ‘insectationes
613 3725 642 3784 ll
663 3747 698 3790 ru.
721 3729 747 3788 2.
825 3737 828 3742 '
880 3727 1012 3786 itamalle.
1031 3730 1185 3788 Prinueues
1197 3729 1319 3795 itemallc.

293 3810 366 3882 -pld
377 3829 412 3870 rn.
425 3813 465 3870 1.=
482 3816 543 3870 sine
559 3815 757 3878 incensatione:
817 3815 861 3872 21.
879 3815 1061 3875 moderatio.-
1072 3818 1113 3877 ll.
1126 3815 1279 3876 modernitas
1290 3816 1317 3876 P.

292 3897 370 3972 Bm.
393 3902 430 3958 1.:
443 3901 516 3966 ¹siue
537 3904 744 3984 exspectatique.
817 3901 860 3959 22.
879 3902 975 3968 itasse
1003 3906 1130 3980 quisque
1153 3905 1275 3962 extollitr
1297 3903 1317 3960 P

292 4005 329 4044 m.
348 3989 387 4044 Ἅι
406 3989 464 4048 siue
479 3987 683 4066 inspectatione.
877 4007 913 4056 m,
931 3989 957 4045 -2
975 3988 1010 4047 til.
1029 4019 1063 4031 —
1074 3992 1104 4054 ,Ρ
1120 4013 1157 4052 m.
1176 3997 1213 4052 lc:
1230 3995 1266 4054 itu
1277 4009 1314 4050 sc-

248 4073 275 4132 6.
293 4074 487 4154 Volscorum:
499 4074 567 4148 ΡΜ]
578 4075 744 4143 Volscorum.
835 4135 838 4142 ,
878 4076 972 4151 quisse
990 4077 1101 4137 extollit.
1116 4111 1149 4120 -—
1158 4079 1233 4137 Leid.
1245 4099 1260 4136 r.
1268 4078 1312 4138 al:

291 4159 370 4235 ⁴-th
387 4181 424 4221 m.
442 4165 467 4221 1.
480 4161 520 4222 -Pr
538 4161 689 4247 dilecsun.3
876 4159 994 4223 extollat.
1084 4221 1087 4228 .
