2856 4726
231 287 296 355 sse
677 295 800 372 ,mm
822 297 868 358 111.
1190 239 1199 336 Ϊ
1292 234 1299 246 ’
1354 335 1358 342 -
1417 241 1420 442 ]

231 462 334 555 piebis
358 459 487 532 consilia
509 459 594 530 inita.
616 459 649 528 id
671 460 788 551 negotii
809 462 920 530 datum
942 461 982 530 ab
1004 459 1183 530 senion'bus
1206 472 1335 551 petmm

230 579 266 636 ut
299 569 445 636 iuventus
479 565 677 637 uibuniciem
708 575 901 655 potestatem
929 589 948 632 e
975 590 1009 634 re
1037 565 1165 655 publice
1194 565 1333 650 tolleret,

231 673 397 763 formaque
419 672 532 738 eadem
554 670 685 738 civitatis
708 679 794 737 esset
820 693 902 760 quae
930 681 1003 738 ante
1026 670 1160 738 Sacrum
1186 681 1334 738 montem

231 788 423 868 occupatum
445 775 557 842 fueret„
595 774 689 842 et-eb
703 772 839 840 ¹Volscis
862 783 895 840 et
915 774 1035 865 Aequis
1062 785 1181 842 statum
1206 775 1271 842 iem
1293 802 1333 844 ac

195 898 212 950 5
230 907 332 972 prope
354 880 511 948 sollemne
532 879 565 945 in
587 877 728 968 singulos
751 899 851 946 anuos
865 878 987 946 bellum
1000 879 1173 947 timebatur
1186 880 1332 970 propius

111 1029 113 1033 -
229 1009 292 1076 que
316 985 400 1052 eliud
421 1005 542 1052 novum
563 981 684 1050 malum
705 1005 766 1049 uec
788 981 917 1071 opinato
941 995 1098 1052 exortum.
1131 983 1243 1054 exules
1264 1008 1329 1052 ser-

227 1091 324 1180 vique
346 1090 387 1157 ed
410 1089 473 1156 duo
496 1085 582 1154 miiia
603 1087 771 1155 hominum
793 1098 826 1155 et
847 1087 1009 1180 quingenti
1030 1088 1112 1156 duce
1128 1087 1234 1179 Appio
1250 1088 1330 1158 Her·
1421 1145 1422 1154 ,

228 1195 324 1262 donio
346 1193 465 1262 Sabino
487 1201 583 1258 nocte
605 1191 798 1283 Capitolium
825 1204 921 1283 atque
949 1217 1056 1262 arcem
1081 1205 1329 1282 occupavenmu
1421 1215 1422 1224 ¹

228 1298 395 1366 confestim
416 1295 449 1362 in
472 1319 544 1372 esce
566 1295 649 1364 iacto
678 1298 792 1366 caedes
821 1321 933 1365 eorum
960 1297 1016 1390 qui
1043 1297 1205 1366 coniurare
1234 1307 1268 1364 et
1291 1297 1330 1366 si-

181 1405 217 1473 10'
227 1403 295 1472 mul
318 1425 431 1492 capere
454 1423 541 1490 aune
562 1399 740 1470 noluerent.
768 1402 820 1470 alii
842 1402 923 1470 inter
944 1403 1118 1470 tumultum
1138 1401 1331 1492 praecipites

227 1530 345 1598 pavore
367 1505 401 1572 in
422 1504 529 1574 iomm
550 1505 717 1574 devolant:
744 1507 884 1576 alternae
906 1531 1004 1577 voees
1023 1507 1076 1576 ad
1095 1530 1193 1574 anna
1215 1517 1249 1574 et
1270 1506 1329 1576 ho-

244 1709 269 1766 1.
287 1707 325 1764 ab
343 1707 654 1782 smz‘oribuepatrum:
671 1705 730 1768 PM.
830 1711 856 1769 7.
874 1717 905 1766 et
934 1707 1101 1787 quingenti:
1135 1703 1185 1764 PM
1213 1704 1288 1766 Harl.
1310 1726 1329 1764 ι.

243 1797 269 1852 1.
287 1802 318 1851 et
334 1795 373 1850 ab
392 1792 520 1853 Volscio.
545 1823 581 1838 -
607 1793 629 1850 P
647 1815 683 1854 m.
701 1795 741 1854 1.:
872 1794 951 1854 Leid.
969 1815 987 1856 1.
1006 1826 1040 1836 —
1066 1794 1136 1850 Alii:
1155 1796 1328 1871 et'quingen·

287 1881 381 1936 etad
404 1878 514 1938 uolscis.
546 1901 582 1939 m.
601 1883 643 1940 ΜΛ
662 1891 690 1936 et
707 1881 740 1936 ab

258 1966 395 2050 suolseis.
413 1965 442 2022 M
459 1965 533 2025 Heri.
549 1985 581 2025 u:
601 1976 628 2023 et
645 1986 665 2022 a
682 1964 740 2023 uol-

287 2054 351 2112 seis.
369 2053 403 2111 ci.
413 2051 444 2112 Τ.
452 2050 523 2112 liivi.
532 2051 550 2112 l.
560 2073 622 2113 m.
633 2075 660 2132 p.
669 2071 740 2113 mu.

285 2142 313 2198 3.
331 2169 366 2182 -
384 2138 420 2196 P=
440 2150 467 2197 et
484 2143 571 2217 equis.

232 2255 267 2268 -
285 2245 322 2281 ac
340 2245 435 2302 prope
456 2228 600 2286 sollemne
621 2227 653 2283 iu
681 2228 739 2284 siu·

161 2317 167 2324 ’
284 2311 376 2392 gulos
394 2333 505 2370 anuos:
523 2313 582 2373 PM.
594 2311 625 2370 Iu
637 2311 710 2374 Harl.
721 2328 740 2374 1.

286 2401 416 2457 omissum
434 2402 532 2458 estin.

240 2489 266 2546 5.
282 2489 482 2566 propiusque:
501 2486 531 2546 M
546 2507 582 2546 m.
601 2488 628 2548 2.
652 2521 686 2530 -
711 2485 739 2544 Μ

289 2596 326 2634 m.
346 2577 370 2635 1.
388 2574 423 2631 P:
441 2577 632 2654 propriusque.
646 2606 680 2616 —
698 2576 740 2632 Et

873 1893 930 1942 tos.
949 1915 983 1940 -.-
1000 1882 1064 1951 Ad,
1079 1890 1208 1959 practer,
1226 1901 1328 1956 supra,

872 1969 926 2026 hoo
954 1967 1140 2046 similibusque
1168 1967 1237 2024 locis
1272 1987 1328 2024 nou

873 2059 1090 2136 praepositiones
1116 2065 1181 2111 suut
1205 2053 1254 2112 sed
1279 2054 1327 2111 ed·

867 2145 972 2210 uerbis.
1001 2143 1035 2204 ci.
1053 2145 1080 2212 4,
1098 2145 1155 2202 59.:
1174 2141 1328 2217 ‚,eogeban·
1424 2205 1425 2232 Χ

873 2241 919 2290 tur
930 2234 1021 2310 itaquo
1030 2233 1095 2290 victi
1107 2274 1115 2292 .
1128 2273 1135 2290 .
1147 2248 1263 2308 pugnam
1274 2231 1326 2287 iui-
1424 2239 1425 2254 ¹

871 2339 911 2390 re,
930 2339 990 2378 oum
1002 2305 1328 2416 mouuuiietumrepente

872 2407 980 2486 nequis
990 2415 1110 2493 praeter
1122 2413 1257 2464 armatus
1269 2406 1326 2462 vio·

872 2495 985 2554 lereturz
996 2493 1127 2570 reliquam
1140 2511 1248 2554 onmem
1258 2491 1325 2550 mui-

870 2582 1014 2640 titudiuem
1043 2580 1220 2637 voluntariam
1252 2582 1327 2638 exuit

872 2671 963 2737 armis,
981 2687 1095 2744 quorum
1113 2667 1157 2724 ad
1168 2668 1229 2728 duo
1242 2669 1327 2726 milia

268 2683 358 2746 ¹clue:
388 2661 467 2732 „und
495 2663 581 2720 sehon
606 2661 739 2720 ffirehuu

283 2770 346 2808 men
358 2794 365 2810 .
378 2747 435 2809 ,als
453 2748 583 2828 plotzlich
595 2752 640 2806 eiu
658 2749 737 2806 ande-

155 2884 159 2891 .
282 2857 326 2893 res
353 2857 435 2893 neues
461 2835 547 2895 Uebel
574 2837 736 2898 ausbrech“.

283 2923 318 2982 ci.
327 2925 416 2992 3,30.:
430 2925 661 3000 „vincebaturque
674 2944 736 2980 eon·

282 3008 371 3065 suiare
380 2999 522 3086 imperium
532 3013 677 3066 tribunicio
691 3031 736 3067 au·

281 3093 363 3162 xiiio,
394 3115 454 3152 eum
473 3094 540 3151 nlius
559 3095 667 3152 additur
683 3105 736 3152 ter·

281 3185 360 3240 ror“.
380 3185 407 3250 3,
419 3181 475 3240 Mu:
494 3181 565 3250 „sed
577 3187 736 3244 novus“.-

281 3267 322 3327 M:
340 3289 390 3326 neo
405 3270 542 3348 oppimto.
560 3268 595 3327 P:
611 3272 736 3348 ueoopie·

279 3368 352 3418 nebo.
382 3379 418 3416 m.
436 3359 475 3415 ‘ia
499 3359 669 3434 necopinato.

236 3449 261 3506 7.
279 3447 323 3502 ad
340 3447 400 3506 duo
419 3445 504 3502 milia
521 3444 687 3502 homiuum:
708 3444 736 3504 M

280 3533 355 3592 Harl.
366 3553 384 3594 1.
402 3532 463 3592 cod.
480 3531 588 3605 Rhem]
607 3533 641 3590 nd
660 3543 735 3610 quat-

280 3630 343 3676 tuor
369 3620 453 3677 miliia
481 3619 620 3678 hominum
647 3625 734 3692 (rece.

278 3703 385 3773 cociti).
407 3734 442 3749 -
469 3705 511 3763 M:
530 3708 565 3764 ud
584 3697 733 3778 &mi-

280 3790 324 3850 lia.
342 3790 378 3848 P:
398 3791 434 3848 ad
451 3812 485 3848 co
504 3813 538 3850 co
556 3793 631 3852 milia
650 3794 694 3866 (h.
711 3816 735 3853 e.

151 3929 161 3949 ,
201 3911 206 3919 ·
278 3877 442 3949 adoeoe).
459 3882 547 3940 mu:
566 3880 736 3938 odcccomi·

278 3965 367 4027 Η..-
378 3963 494 4046 Dionys.
505 3970 614 4038 1ο,14.;
630 3968 663 4026 δι’
677 3965 735 4028 ὃλέ-

276 4079 336 4129 «γού
348 4053 462 4128 χρόνου
473 4056 673 4134 συγκροτήσας
685 4054 734 4115 δ’ὕ-

274 4139 734 4219 ναμινᾶνδρῶντετρακισχιλίων.

871 2765 901 2814 et
919 2757 1074 2835 quingenti
1082 2756 1141 2812 vivi
1153 2758 1325 2832 capiuntur“.

839 2841 841 2844 ’
870 2845 897 2910 8,
918 2845 973 2901 18.;
996 2843 1063 2912 „ad
1079 2845 1177 2918 viginti
1195 2845 1325 2902 matronis

868 2947 919 3006 per
936 2930 1067 2986 viatorem
1085 2932 1210 2988 accitis“.
1227 2931 1273 2996 30,
1284 2932 1325 2989 6.=

868 3017 954 3091 „equi
981 3015 1119 3074 Numidici
1145 3037 1238 3092 supra
1264 3018 1324 3074 duo

869 3103 953 3158 milia
978 3105 1181 3182 ,ςιμιίιιςιηέίι6
1208 3107 1324 3182 (copti).

869 3191 923 3257 27,
942 3190 999 3249 42:
1029 3211 1146 3266 „supra
1170 3201 1230 3250 octo
1249 3190 1324 3252 milia

868 3274 1007 3336 homiuum
1030 3282 1134 3349 occisa,
1160 3300 1254 3356 supra
1278 3300 1323 3336 ee·

867 3366 1015 3444 ptiugeuti
1034 3370 1129 3445 cupti“
1147 3366 1226 3437 (Put.
1244 3364 1323 3428 colb.

870 3449 993 3525 Bamb.).
1024 3455 1058 3515 ci.
1076 3457 1156 3540 etium
1176 3458 1200 3522 1,
1220 3457 1258 3514 1.:
1276 3463 1326 3521 „ut

868 3539 983 3615 quibus.
995 3584 1003 3600 .
1016 3540 1083 3596 nihii
1093 3547 1200 3616 praeter
1210 3559 1283 3600 orma
1296 3552 1325 3596 et

867 3646 950 3684 naves
968 3629 1169 3703 superesseut“.

813 3740 849 3755 ··-
865 3715 960 3788 Appio
967 3711 1117 3768 Herdonio
1124 3707 1253 3772 Sabino.-
1263 3711 1322 3774 PM.

823 3801 851 3858 8.
874 3804 1102 3872 occupauerunt:
1134 3796 1175 3874 P]
1207 3819 1323 3881 occupa.

869 3879 954 3949 uere(
961 3879 1012 3952 Μ).
1022 3913 1057 3922 -
1068 3880 1091 3942 Ρ
1103 3903 1139 3948 m.
1159 3889 1196 3946 1.:
1215 3909 1326 3952 eorum.

868 3971 1069 4050 queooniurare.
1088 4003 1123 4014 -
1145 3973 1182 4032 P:
1201 3975 1263 4039 aliis
1281 3979 1321 4034 iu·

868 4068 909 4116 ter
928 4056 1078 4134 tumultum.

807 4147 851 4204 11.
867 4146 1002 4206 alternae
1020 4167 1108 4208 uoces
1126 4150 1170 4210 ad
1191 4170 1276 4212 orma
1293 4161 1323 4210 et
