2832 4720
254 311 320 380 254
716 319 825 381 LIBER
842 320 886 380 111.

141 558 146 569 ,
170 533 173 540 .
254 487 367 558 rebant
387 485 518 556 Volscio
538 486 685 555 iudicem.
723 507 798 554 curn
820 477 861 551 ad
882 482 1031 552 indicium
1051 484 1096 552 ire
1123 505 1188 552 non
1212 485 1363 570 auderet

256 613 453 686 omnesaue
479 613 531 658 res
557 591 590 656 in
616 593 716 657 unani
745 597 954 678 congruentes
980 587 1066 655 haud
1097 588 1198 678 magis
1221 589 1361 658 dubiam

255 696 491 764 damnationem
513 695 624 764 Volsci
647 717 745 784 quarn
767 691 919 760 Caesonis
934 691 1065 761 Volscio
1085 702 1168 762 teate
1189 693 1302 762 luerat
1318 697 1360 762 n-

162 859 164 864 .
255 801 390 869 cebant.
423 802 456 868 in
476 822 567 866 mora
590 797 707 866 atbairi
728 809 830 882 erant,
858 797 913 889 qui
935 796 1061 866 comitia
1088 809 1278 889 quaestores
1304 799 1358 867 ha-

222 905 330 978 tbere
352 906 392 973 de
414 929 471 974 reo
491 902 552 970 nisi
572 903 659 995 prius
680 902 788 970 habita
809 901 849 970 de
867 901 942 992 lege
964 912 1072 969 essent
1093 923 1245 992 passuros
1260 927 1357 995 nega·
1403 941 1406 952 ·

195 1015 209 1050 ⁹
251 1011 338 1077 bant.
376 1009 420 1077 ira
442 1018 582 1078 extracta
602 1017 736 1098 utraque
765 1029 817 1074 res
837 1005 870 1073 in
898 1007 1066 1075 consulum
1088 1006 1263 1074 adventum
1286 1021 1354 1076 est:

252 1115 308 1206 qui
328 1113 384 1180 ubi
403 1111 633 1203 triumphantes
654 1111 774 1180 victore
797 1135 872 1179 cum
899 1113 1040 1182 exercitu
1066 1110 1181 1178 urbem
1205 1111 1353 1196 irrisumt.

252 1218 326 1308 quia
348 1217 508 1285 silentium
534 1215 575 1283 de
600 1209 672 1307 lege
699 1224 780 1299 erat,
807 1215 973 1309 perculsos
999 1239 1114 1306 magna
1140 1237 1215 1308 pars
1245 1219 1352 1286 crede-
1389 1219 1391 1226 '

251 1321 329 1403 bont
350 1321 502 1389 tribunos.
526 1317 559 1388 a't
578 1319 625 1388 illi
638 1345 683 1373 ’-
697 1331 730 1387 et
744 1321 828 1388 enirn
851 1332 1029 1390 extremum
1044 1320 1117 1387 anni
1138 1320 1291 1389 iamterat
1306 1361 1349 1372 -

206 1437 400 1516 loquantum
422 1424 617 1492 adfectantes
638 1423 833 1494 tribamatum
858 1424 892 1492 in
922 1425 1124 1495 comitiorum
1151 1424 1351 1516 disceptatio

251 1553 326 1598 nem
349 1531 388 1598 ab
409 1529 481 1620 lege
509 1539 677 1620 certarnen
700 1540 886 1598 averterant.
923 1541 1052 1598 etcum
1074 1528 1222 1597 consides
1248 1530 1348 1598 nihilo

250 1635 355 1702 minus
377 1634 528 1702 adversus
550 1633 823 1703 continuationem
850 1635 1026 1703 tribunatus
1052 1657 1147 1723 quam
1168 1632 1197 1700 'si
1216 1631 1272 1700 lex
1294 1635 1349 1700 mi-

250 1739 395 1807 nuendae
417 1757 494 1807 suae
515 1739 687 1808 maiestatis
710 1765 805 1809 causa
826 1741 1025 1831 promulgata
1046 1737 1180 1805 ferretur
1200 1739 1348 1806 tetendis-

248 1853 334 1926 sent,
362 1843 493 1910 victoria
516 1844 694 1912 certaminis
715 1869 815 1937 penes
841 1846 985 1913 tribunos
1006 1841 1074 1914 tuit.
1110 1841 1235 1911 Eodem
1263 1867 1347 1912 anno

127 2005 133 2030 ,
204 1959 238 2014 15
249 1945 368 2038 Aequis
390 1971 455 2036 pax
478 1959 527 2014 est
547 1949 728 2038 petentibus
751 1951 834 2017 data.
868 1971 982 2017 census
1004 1983 1049 1996 —-
1069 1967 1121 2013 res
1135 1946 1240 2038 priore
1263 1973 1346 2018 anno

209 2083 213 2090 ·
248 2048 396 2117 inchoata
417 2087 462 2100 —
483 2051 643 2141 perficitur
665 2063 760 2142 atque
782 2053 919 2120 lustrum
941 2051 981 2118 ab
1010 2050 1129 2142 origine
1155 2051 1242 2119 urbis
1265 2054 1346 2120 deci-

247 2177 338 2218 mum
363 2154 538 2222 conditum.
575 2155 703 2225 fuenrnt
730 2179 825 2225 censa
853 2157 970 2225 civium
999 2156 1103 2246 capita
1131 2179 1220 2242 cxvu
1247 2159 1345 2226 millia

247 2277 399 2325 cccxvtm.
438 2259 606 2354 consulum
631 2283 745 2352 magna
773 2261 860 2329 dorni
887 2260 1028 2352 bellique
1057 2284 1097 2328 eo
1129 2285 1212 2329 anno
1246 2262 1343 2353 gloria

246 2357 317 2443 luit,
340 2363 427 2450 quod
449 2376 483 2432 et
503 2364 580 2433 foris
601 2359 716 2457 paceni
736 2391 889 2458 peperere
911 2376 945 2434 et
966 2364 1054 2433 domi
1076 2376 1109 2434 et
1129 2365 1243 2434 sinon
1270 2391 1342 2436 con-

198 2478 317 2534 eocors
339 2465 444 2534 minus
466 2477 576 2536 tamen
598 2495 695 2560 quarn
716 2471 792 2538 alias
813 2471 927 2538 infesta
951 2471 1060 2538 civitas
1082 2471 1150 2540 luit.

331 2566 436 2639 XXV.
480 2571 517 2641 L.
539 2573 698 2642 Minucius
719 2575 791 2686 inde
817 2586 850 2643 et
872 2575 909 2644 C.
931 2574 1068 2680 Nautius
1097 2575 1244 2678 consoles
1266 2578 1338 2644 lacti

263 2707 288 2766 2.
307 2729 408 2766 omnes
427 2730 484 2768 eae
501 2732 565 2770 res:
588 2713 700 2774 Haverc.
724 2747 758 2760 -
889 2715 962 2772 tibus
971 2715 1018 2772 dat
1027 2735 1122 2772 census
1132 2734 1179 2772 rex
1187 2718 1337 2794 propriore!

304 2793 366 2852 Pll:
388 2816 480 2855 omnes
498 2821 551 2858 eus
568 2821 612 2858 ree
630 2803 659 2858 in
677 2823 758 2860 unum
891 2801 1094 2872 pnnoinchoeta
1102 2802 1248 2879 perlinitur.
1260 2807 1337 2863 rut:

307 2896 491 2958 congruentes.
503 2917 537 2926 —
555 2887 595 2944 M:
615 2887 667 2944 aud
682 2891 688 2958 Ι
702 2909 757 2944 ma·
889 2887 935 2942 dat
950 2887 979 2942 dc
990 2905 1086 2944 census
1098 2893 1337 2968 exproprioreeet.

306 2969 355 3040 gis.
376 2999 408 3012 ·-
425 2969 487 3026 Plll:
507 2971 618 3030 Volsci.
637 3005 671 3015 —
694 2972 756 3031 Plll:
827 2975 870 3032 16.
887 2982 976 3047 atque
994 2974 1136 3030 lustrum:
1147 2973 1188 3046 P]
1206 2977 1288 3052 idque
1299 2977 1336 3036 lu·

296 3051 427 3122 suerent
435 3053 601 3135 faciebant.
627 3056 704 3117 Leid.
723 3079 754 3118 t:
886 3069 972 3115 strum
988 3057 1055 3129 (M).

254 3167 258 3172 ·
295 3135 424 3209 suerent
438 3140 583 3211 faciebat.
613 3145 654 3200 sic
673 3145 755 3222 paulo
819 3147 867 3204 at.
878 3144 1008 3218 suerunt
1035 3165 1126 3202 censa
1154 3149 1261 3204 ciuium
1290 3173 1334 3208 ce·

304 3233 365 3282 ante
382 3225 419 3282 P:
439 3227 577 3290 auderent.
882 3234 947 3306 pita
965 3253 1193 3293 cxvu.cccxv1n1.:
1211 3235 1246 3296 ll.
1265 3238 1334 3296 idem

256 3313 282 3371 l.
300 3314 331 3368 in
351 3331 451 3372 mora:
474 3314 504 3374 P.
527 3317 557 3372 in
577 3337 695 3376 moram.-
716 3317 752 3380 ol.
885 3339 1011 3378 numerus
1035 3321 1107 3400 apud
1127 3321 1285 3402 Eutropium
1309 3329 1333 3394 1,
1385 3365 1393 3380 .

299 3432 333 3444 -
352 3399 388 3458 P:
406 3412 555 3480 questores.
568 3436 602 3446 —
617 3403 639 3461 P
657 3427 692 3464 m.
712 3411 752 3466 1.:
883 3408 926 3466 14.
945 3409 974 3464 in
989 3419 1044 3487 opt.
1057 3409 1117 3470 cod.
1130 3409 1206 3472 Leid.
1219 3415 1332 3490 scriptus

208 3503 214 3516 ·
298 3489 402 3546 uictore
420 3510 480 3547 cum
493 3494 648 3551 exercitum.
662 3524 696 3534 -
710 3492 751 3549 lt:
884 3495 944 3550 ¹osse
963 3494 1070 3558 dicitur.
1089 3529 1122 3541 -
1141 3498 1163 3554 P
1180 3519 1215 3557 m.
1235 3504 1272 3556 1.:
1290 3522 1331 3556 ca-

296 3591 346 3648 per
360 3575 366 3645 Ι
382 3575 456 3635 culos
474 3599 568 3656 magna
582 3600 645 3660 pars
659 3579 750 3637 crede·
881 3584 938 3660 pita
951 3598 1154 3643 omvnccoxvnr.
1178 3583 1239 3640 dein
1249 3605 1281 3642 m.
1292 3588 1329 3645 Ἅι

141 3713 152 3726 ,
251 3661 259 3684 ¹
297 3657 371 3718 bant.
881 3673 968 3747 capita
987 3667 1266 3728 avuncunlum—ll:
1279 3675 1329 3728 etsi

234 3743 276 3802 13.
295 3745 498 3809 tetendissent.
520 3785 555 3794 -
581 3749 645 3810 Pll:
664 3761 748 3810 teteu·
880 3755 1326 3818 noncors.m.3.:etsinonfficors.

296 3828 393 3891 disset.
818 3841 861 3900 et.
882 3843 916 3899 L.
926 3843 1068 3898 Minatiue
1080 3842 1148 3898 inde
1162 3851 1191 3900 et
1202 3843 1237 3902 L.
1248 3845 1324 3904 Nau·

232 3917 274 3975 15.
289 3923 669 3994 pexeatpetentibuedata.
683 3946 746 3983 cen·
877 3930 936 3984 tius
958 3939 1037 3998 corea.
1063 3927 1115 3998 (Pr
1142 3934 1214 4000 cdo.)
1231 3931 1322 4004 secti:

194 4060 199 4070 ,
293 4023 346 4060 sus
364 4024 414 4061 rea
429 4008 530 4082 priore
548 4015 599 4081 (m.
619 4015 655 4071 1.:
672 4015 745 4090 prio·
877 4013 934 4072 ΡΜ.
951 4045 985 4057 -
1004 4014 1149 4074 Glareanus
1167 4012 1330 4094 Dionysium*

291 4094 354 4161 res)
374 4112 452 4150 anno
475 4095 612 4154 inchoata
624 4099 743 4175 perfici-
878 4111 906 4156 et
923 4100 1073 4162 Diodorum
1094 4105 1322 4182 secutus'scripsit

290 4186 355 4234 tur:
372 4178 403 4238 P.
416 4211 450 4222 ·-
461 4179 504 4238 ll:
520 4203 574 4261 pax
593 4196 635 4241 est
652 4195 743 4262 poten·
876 4189 908 4245 C.
927 4187 1066 4250 Nautius.
