2860 4736
204 265 268 338 131
379 302 385 314 ·
672 273 780 336 LIBER
797 273 829 335 u

202 441 302 510 rendo
330 465 390 509 nee
420 437 521 534 plebis
547 437 657 508 vitavit
683 437 793 508 odium
824 460 885 512 nee
915 437 999 528 apud
1031 447 1137 530 patres
1165 430 1299 528 gratiam

124 577 131 590 a
202 545 278 614 iniit.
306 556 413 638 patres
440 543 572 623 mollem
599 540 765 612 corrsrdem
793 552 827 612 et
854 541 1057 611 ambitiosum
1084 540 1158 624 rati,
1186 541 1300 633 plebes
1351 605 1356 614 .

203 647 365 719 fallacem:
393 649 545 742 brevique
573 646 717 739 apparuit
744 645 938 740 adaequasse
966 669 1041 716 curn
1060 643 1157 738 Appii
1178 647 1300 718 odium.

204 766 362 824 certarnen
386 752 569 824 consulibus
590 752 741 822 inciderat
761 764 833 820 nter
847 751 1007 822 dedicaret
1017 751 1157 822 Mercuri
1174 753 1300 822 aedem.

103 933 106 938 ,
174 871 332 928 δεειιειῐυε
355 887 374 928 a
396 885 431 930 se
453 883 522 928 rem
544 855 586 928 ad
606 857 764 951 populum
784 856 907 926 reiecit:
929 856 991 926 utri
1013 879 1125 926 eorum
1141 857 1301 926 dedicatio

202 963 291 1032 iussu
312 964 424 1058 populi
445 965 519 1034 data
541 975 635 1050 esset,
659 987 733 1032 eum
747 985 895 1056 praeesse
910 985 1064 1047 annonae,
1085 973 1302 1032 mercatomm

120 1151 126 1166 ,
202 1069 373 1161 collegium
393 1069 564 1155 instituere,
585 1069 751 1138 sollemnia
773 1092 832 1160 pro
854 1067 1003 1160 pontifice
1024 1065 1113 1134 trusit
1128 1066 1302 1160 nucipere.

200 1173 340 1265 populos
363 1173 596 1244 dedicationem
615 1173 703 1242 aedis
725 1172 781 1242 dat
801 1173 846 1242 M.
869 1171 1016 1242 Laetorio
1038 1169 1131 1263 primi
1152 1170 1208 1262 pili
1229 1196 1302 1240 cen-

203 1278 332 1347 turioni:
361 1275 463 1370 quod'
476 1270 568 1347 facile
597 1289 763 1371 appareret
794 1301 861 1347 non
886 1289 954 1348 tam
981 1276 1022 1344 ad
1048 1275 1206 1346 honorem
1233 1277 1302 1344 eius

159 1382 256 1451 locui
277 1383 397 1452 curatio
421 1381 514 1456 altior
535 1383 659 1474 fastigio
681 1407 740 1452 suo
764 1383 836 1450 data
865 1394 965 1467 esset,
992 1381 1124 1451 lactum·
1140 1405 1238 1472 quam
1260 1382 1303 1450 ad

203 1487 372 1556 consulum
399 1489 613 1580 ignominiam.
641 1488 762 1557 saevire
790 1487 864 1556 inde
879 1488 1008 1579 antique
1032 1480 1302 1554 consulumalter
1373 1542 1378 1550 .

75 1683 81 1700 .
201 1603 382 1687 patresque.
409 1594 467 1661 sed
497 1593 583 1684 plebi
612 1603 777 1662 creverant
804 1591 914 1677 animi,
942 1602 976 1660 et
1000 1591 1096 1681 longe
1119 1589 1180 1660 alia
1202 1615 1301 1682 quam

103 1763 107 1774 ,
202 1696 304 1787 primo
326 1684 525 1768 instituerant
545 1697 596 1766 vie
618 1698 850 1790 grassabantur.
880 1699 1048 1792 desperato
1076 1695 1161 1763 enim
1189 1717 1301 1762 consu·

201 1800 269 1870 lum
297 1813 491 1894 senatusque
519 1802 636 1870 auxilio
665 1827 740 1871 cum
767 1802 877 1871 iuius
905 1801 978 1870 duci
1005 1791 1183 1870 debitorem
1203 1799 1302 1867 ‘vidis-

61 1993 66 2004 ,
156 1910 281 1989 1586111,
303 1905 444 1998 undique
466 1907 689 1974 convolabant.
711 1931 817 1998 neque
841 1908 1004 1974 decretum
1026 1905 1168 1974 exaudiri
1189 1929 1301 1974 comu-

202 2009 241 2078 l'u
262 2033 339 2101 prae
361 2010 495 2102 strepitu
517 2022 550 2080 et
571 2010 711 2081 clamore
732 2021 871 2103 poterat,
895 2035 1001 2102 neque
1029 2034 1104 2080 cum
1131 2009 1301 2094 decresset,

265 2221 319 2280 que
341 2209 371 2258 nt
393 2203 497 2260 civibus
516 2204 574 2262 saia
591 2221 717 2280 quocum

264 2289 415 2366 quemodo
434 2289 532 2348 auxilie
551 2309 611 2347 esse
628 2288 717 2349 vallet.

139 2429 142 2432 .
265 2375 349 2434 multo
362 2377 458 2438 melios
474 2377 580 2446 Livius,
595 2378 643 2456 qui
661 2385 717 2454 opt.

265 2463 344 2524 codd.
361 2466 515 2524 auctoribus
525 2473 718 2542 pmceperat

265 2550 324 2610 scil.
343 2554 406 2610 ciue
419 2553 551 2610 animum
568 2553 716 2630 scripserit.

263 2650 554 2716 praeoccupaverant
579 2641 662 2714 igitur
690 2646 718 2696 et

264 2725 370 2805 Appius
383 2737 410 2784 et
421 2727 502 2786 factio
512 2726 645 2785 nobilium
652 2725 717 2784 Ser·

265 2813 314 2869 vili
336 2816 454 2877 animum
476 2817 507 2874 in
530 2814 640 2874 alteram
657 2833 719 2870 cau·

265 2919 335 2957 sama
353 2901 380 2960 b.
398 2923 422 2961 e.
441 2903 466 2959 ei
489 2901 661 2960 erectorum.
675 2901 718 2956 ius

266 2985 504 3064 obaeratorumqne
519 2989 645 3044 iniuriam
663 2995 718 3043 tam

266 3074 363 3128 acriter
386 3081 581 3150 expresserant,
608 3082 639 3130 ut
655 3071 718 3128 Ser-

266 3157 346 3216 vilius
365 3159 476 3236 obloqui
493 3179 548 3215 non
566 3157 678 3216 auderet
691 3167 718 3215 et

262 3254 385 3322 putaret,
406 3245 470 3303 licet
491 3247 575 3302 tutius
599 3253 671 3302 eseet
693 3246 718 3302 si

265 3335 369 3392 minore
378 3335 480 3412 impetu
493 3333 524 3390 in
538 3352 622 3390 nexos
635 3334 717 3392 anim-

266 3421 463 3490 adverteretur,
480 3430 570 3480 umen
587 3441 641 3476 non
657 3422 718 3476 eine

266 3528 344 3564 causa
355 3510 391 3566 'in
400 3529 449 3566 eos
462 3507 644 3568 animadverti.
661 3517 718 3565 tum

267 3594 374 3652 demum
386 3606 413 3652 et
423 3593 518 3656 Livius
534 3615 646 3674 pergere
656 3605 717 3675 pot·

264 3689 323 3736 erat
334 3683 378 3738 ita
388 3683 518 3740 medium
529 3704 563 3740 ee
573 3683 716 3761 gerendo,

268 3777 295 3822 et
312 3775 402 3844 petre·
423 3777 549 3844 poterant
572 3768 716 3826 Servilium

268 3852 368 3910 babere
391 3855 510 3911 mollem
534 3864 562 3910 et
585 3858 715 3916 ambitio·

173 3953 175 3959 ‘
268 3959 343 3998 sum.

220 4019 247 4086 3.
266 4028 472 4103 adaequasse:
489 4025 538 4098 Μ]
562 4048 697 4104 aequasse.

221 4115 254 4173 1..
264 4113 408 4174 Mercurir
425 4111 469 4185 P]
486 4113 622 4174 llercurii.

806 2208 832 2266 6.
851 2214 1063 2265 mercatorum:
1080 2202 1132 2262 ΡΜ
1141 2223 1178 2266 m.
1189 2203 1216 2262 d.
1232 2221 1301 2260 mer·

851 2301 982 2352 aatomma
998 2291 1028 2350 ll
1044 2311 1080 2350 m.
1100 2297 1125 2353 1.
1332 2324 1334 2334 .

803 2381 832 2441 8.
846 2381 992 2458 populos:
1020 2378 1043 2436 P
1067 2399 1105 2439 m.
1132 2380 1157 2438 1.
1183 2375 1258 2436 Harl.
1282 2395 1300 2436 1.

820 2525 822 2531 2
848 2467 926 2528 [reid.
943 2468 983 2538 1.]
1002 2464 1127 2544 populus.
1199 2469 1200 2476 ’

796 2586 831 2602 -
849 2556 905 2612 dat
920 2556 961 2615 M.
978 2554 1134 2612 Laetorio:
1152 2549 1187 2610 Μ.
1205 2558 1253 2608 tat.
1266 2570 1301 2610 m.

848 2640 959 2700 laterior
976 2640 1007 2700 P.
1020 2673 1053 2686 -·
1069 2639 1111 2698 lt:
1131 2639 1301 2696 centurioni.

804 2728 831 2791 9.
850 2730 934 2808 quad
955 2729 1053 2802 facilc
1081 2733 1252 2803 appareret:
1279 2723 1305 2780 11

851 2837 888 2876 m.
907 2818 932 2875 d.
951 2815 986 2874 Μ.
1003 2813 1079 2893 quod
1095 2803 1301 2888 facileap‘qrara·

850 2912 904 2959 retr
921 2900 944 2958 P
962 2921 998 2960 m.
1016 2905 1041 2961 1.
1065 2931 1099 2942 -
1121 2898 1164 2959 lll:
1186 2901 1301 2958 curatio

819 3037 822 3046 ,
850 2991 911 3048 atre
925 2989 932 3060 Ι
947 2991 1017 3048 rior.
1029 3019 1063 3032 --
1075 2987 1102 3046 Μ
1114 3009 1150 3047 m.
1164 2989 1201 3047 1.·.
1220 2987 1301 3066 iguo·

818 3122 821 3128 ,
850 3076 947 3133 mium.
963 3095 1000 3134 m.
1018 3077 1058 3135 Ἅι
1077 3077 1275 3154 ignominiam.

789 3163 831 3222 11.
850 3165 967 3220 saeuire
991 3163 1060 3220 inde
1084 3166 1202 3240 utique:
1225 3161 1300 3220 Pm.

800 3286 804 3296 ·
850 3252 876 3306 1.
894 3248 929 3308 Μ.
947 3250 1125 3308 scabendo
1138 3252 1299 3326 utrimque:
1324 3313 1328 3324 .

849 3334 872 3393 p
890 3357 924 3394 ln.
943 3339 968 3396 Μ.
1053 3371 1068 3394 'a

790 3410 832 3481 12.
850 3414 880 3480 el
903 3425 992 3504 longe
1017 3425 1080 3482 alio
1098 3408 1299 3502 quamprimo

849 3513 1039 3570 instituerant
1049 3515 1114 3570 uio:
1127 3512 1159 3570 P.
1172 3520 1201 3567 et
1211 3513 1301 3587 longa

847 3600 942 3656 alzirm
965 3620 1053 3678 quam
1073 3600 1169 3672 primo
1193 3596 1299 3650 consti·
1406 3641 1410 3649 .

846 3693 966 3743 tuerent
983 3687 1052 3762 uici:
1069 3682 1106 3740 Μ.

788 3773 830 3832 13.
849 3773 1005 3848 deopertam
1023 3771 1115 3826 enim:
1132 3767 1210 3826 l'.·-'-
1223 3765 1251 3824 Μ
1263 3787 1298 3828 tn.
1335 3809 1337 3811 -

850 3861 890 3916 1.:
904 3858 1097 3932 desperatam
1109 3856 1194 3913 euim.
1208 3875 1243 3915 m.
1256 3857 1297 3913 Ἅι

848 3943 1000 4020 desperati
1014 3944 1099 4002 cuba.
1110 3941 1185 4002 -Μ
1203 3961 1239 4002 m.
1259 3944 1297 4000 1.:

848 4050 913 4087 curn
923 4032 986 4088 iud
1003 4049 1040 4089 m.
1057 4033 1097 4090 2:
1115 4051 1181 4090 eum
1197 4032 1211 4090 ἱ
1228 4033 1286 4088 ius.
1341 4060 1345 4066 ·

788 4117 831 4176 16.
847 4136 913 4176 cum
931 4117 1094 4180 decresset.-
1118 4118 1176 4181 ΡΜ.
1200 4146 1234 4170 ι-
1252 4115 1295 4174 ll:
