2750 4720
321 315 358 349 ·-
473 313 704 402 incursuri.
1072 293 1136 360 aaa
1214 323 1273 357 ψ

41 483 137 552 ludit.
169 505 300 552 censum
320 478 441 570 primus
462 477 525 570 egit
547 489 580 546 et
599 477 734 544 lustrum
756 473 908 557 condidit,
934 497 999 565 quo
1021 471 1137 556 civium

41 588 149 679 capita
171 605 266 656 censa
288 585 447 674 octoginta
461 584 545 652 milia
568 605 639 650 esse
655 581 812 648 dicuntur·
838 580 956 646 classes
971 577 1137 646 centurias-

41 717 110 784 que
126 689 300 780 descripsit
321 689 500 783 pomerium
516 686 655 780 protulit,
678 685 776 754 colles
792 683 861 752 urbi
877 681 1071 771 Quirinalem
1083 682 1136 752 Vi·
1180 715 1183 735 ·
1271 675 1278 684 ”

37 795 193 890 ruinalem
213 791 477 884 Esquilinamque
505 791 627 858 adiecit.
604 790 820 880 ttemplum
841 786 962 864 Dianae
984 811 1059 863 cum
1080 783 1137 852 La·

37 882 116 968 tinis
137 897 170 970 in
191 896 348 966 Aventino
375 897 459 964 fecit
496 894 678 982 interiectus
706 906 755 962 est
782 893 858 961 aL.
881 889 1053 1004 Tarquinio
1074 889 1165 956 Pri:
1149 919 1167 954 a

38 1002 89 1070 sci
116 1000 182 1068 filio
210 1001 341 1069 consilio
369 1001 452 1068 filiae
480 1023 557 1072 suae
578 998 717 1085 Tulliae,
750 1023 825 1067 eum
850 1007 1012 1088 regnasset
1039 999 1182 1062 annos

38 1105 249 1200 quadraginta
271 1114 431 1196 quattuor.
452 1117 528 1210 post
548 1103 634 1186 h'unc
648 1103 684 1172 L
699 1081 887 1194 Tarquinius
902 1100 1146 1192 Superbus
1086 1121 1155 1174 ne·

15 1235 108 1304 ·quc
124 1221 256 1301 patrum
278 1234 382 1302 neque
405 1203 544 1329 populi
535 1233 623 1277 russu
638 1234 773 1314 regnum
784 1206 907 1290 invasit,
929 1230 994 1297 quo
1011 1205 1060 1272 die
1075 1227 1141 1271 sce·

38 1311 143 1384 lerata
165 1314 270 1382 Tullia
292 1338 350 1406 per
371 1325 427 1408 pat
427 1314 468 1380 ris
489 1314 620 1380 iacentis
643 1337 758 1432 corpus
780 1323 965 1404 carpentum
987 1310 1060 1400 egit.
1096 1331 1141 1374 ar-

40 1430 150 1490 natos
172 1419 254 1488 circa
277 1443 312 1486 se
334 1418 375 1484 ad
396 1419 572 1487 custodiam
594 1417 736 1508 corporis
762 1418 812 1484 sui
838 1415 960 1491 habuit
994 1407 1146 1481 Turnum
1153 1419 1188 1474 10

39 1523 242 1592 Herdonium
263 1521 373 1590 fraude
395 1522 561 1590 interemit.
594 1521 715 1588 bellum
742 1543 817 1586 cum
838 1517 964 1587 Volscis
990 1517 1088 1608 gessit
1109 1527 1187 1582 et

41 1653 85 1695 ex
109 1647 221 1692 eorum
249 1625 366 1716 praeda
393 1625 550 1716 templum
570 1624 675 1692 lovi·
667 1649 699 1690 m
721 1619 877 1713 Capitolio
904 1619 989 1688 fecit.
1022 1620 1141 1687 Termi-

7 1738 16 1766 ²
39 1755 105 1798 nus
129 1741 161 1797 et
174 1730 322 1809 luventas
344 1751 410 1796 non
432 1729 590 1814 addixere,
611 1751 748 1818 quorum
771 1751 843 1794 arae
862 1725 983 1794 moveri
1005 1745 1141 1814 nonpo

41 1844 184 1902 tuerunt.
206 1834 260 1900 filii
282 1831 358 1900 Sex.
374 1833 536 1923 Tarquinii
558 1834 633 1906 dolo
649 1833 766 1901 Gabios
788 1833 819 1900 in
842 1841 1034 1922 potestatem
1051 1852 1143 1914 suam

40 1937 174 2026 redegit.
207 1937 301 2004 huius
323 1937 394 2005 filiis
416 1934 562 2027 Delpllos
584 1939 734 2029 proiectis
756 1949 790 2008 et
811 1934 1049 2006 consulentibus
1071 1932 1142 2023 quis
1155 1939 1189 1992 15

41 2066 158 2110 eorum
179 2053 365 2134 regnaturus
389 2053 475 2110 esset
487 2043 618 2136 Romae,
639 2044 758 2115 dictum
773 2049 822 2108 est
843 2064 918 2107 cum
939 2047 1174 2136 regnaturum
1208 2027 1210 2036 ’

41 2145 104 2268 qui
122 2145 243 2236 primus
263 2159 400 2217 matrem
422 2146 545 2214 osculat
531 2157 582 2215 tus
609 2159 703 2250 esset.
740 2147 844 2244 quod
856 2167 1047 2264 responsum
1069 2165 1144 2209 cum

31 2247 106 2346 ipsi
129 2247 248 2317 aliter
239 2262 532 2342 interpretarentur,
553 2231 660 2319 luniiis
682 2249 813 2334 Brutus,
842 2248 897 2340 qui
918 2273 994 2315 cum
1015 2248 1052 2314 iis
1073 2271 1144 2338 pro-

46 2355 152 2422 iectus
175 2365 251 2435 erat,
274 2356 457 2472 prolapsum
478 2379 516 2420 se
536 2355 695 2424 simulavit
716 2356 783 2422 eti
784 2379 886 2421 errarn
901 2351 1135 2421 osculatust
1086 2363 1144 2418 cst.
1242 2370 1256 2375 ’

43 2459 143 2547 idque
165 2454 336 2522 iactrun
308 2481 375 2524 crus
398 2469 531 2524 eventus
558 2459 604 2525 rei
620 2457 859 2555 comprobavit.
893 2479 969 2522 nam
993 2480 1067 2522 cum
1088 2456 1143 2520 im·
1155 2461 1191 2546 tlt

43 2569 242 2653 potenter
217 2551 252 2626 se
281 2561 419 2650 gerendo
441 2559 631 2652 Tarquinius
653 2559 817 2651 Superbus
845 2583 958 2626 omnes
980 2560 1012 2625 in
1036 2557 1144 2625 odium

46 2665 99 2733 sui
125 2641 321 2747 adduxisset,
355 2666 394 2732 ad
423 2665 570 2748 ultimum
597 2675 727 2764 propter
752 2675 965 2758 expugnatam
988 2674 1142 2730 nocturna

46 2769 79 2836 vi
104 2793 122 2832 a
148 2765 247 2834 Sexto
270 2767 385 2834 lilio'
358 2793 426 2835 erus
448 2768 613 2868 Lucretiae
635 2752 762 2866 pudicit
755 2793 826 2850 ram,
849 2791 931 2858 quac
953 2777 1068 2834 vocato
1090 2789 1143 2856 pa-

45 2883 94 2940 tre
124 2869 164 2936 ad
192 2893 226 2937 sc
249 2869 433 2964 Tricipitino
463 2885 496 2940 et
515 2871 583 2940 viro
607 2847 764 2940 Collatino
793 2873 951 2940 obtestata
976 2896 1018 2939 nc
1044 2871 1144 2960 inulta

46 2997 136 3041 mors
158 2975 225 3040 eius
247 2987 333 3044 esset
354 2975 460 3045 cultro
477 3000 512 3044 se
535 2976 565 3043 in
567 2977 700 3060 teremit,
678 2977 811 3044 tBruti
827 3003 923 3068 opera
938 2977 1078 3044 maxime
1093 3000 1144 3064 cx·
1156 2983 1209 3046 25.

47 3078 160 3168 pulsus
183 3089 240 3162 est,
263 3101 337 3148 eum
358 3092 522 3172 regnasset
543 3105 642 3149 annos
664 3081 771 3173 viginti
793 3083 944 3174 quinque.
967 3093 1051 3164 tuuc
1072 3105 1144 3148 con
1220 3065 1224 3074 ’

29 3181 164 3352 '3¹35‘
158 3182 295 3269 primum
318 3188 422 3252 creati
435 3196 510 3253 sunt
531 3185 567 3252 L.
582 3186 689 3254 lunius
711 3187 828 3256 Brutus
851 3197 884 3254 et
905 3185 944 3252 L.
956 3185 1145 3274 Tarquinius

123 3282 236 3352 atinus.
289 3332 291 3336 -

8 3515 10 3522 ·
66 3483 92 3540 l.
111 3479 150 3538 li:
167 3479 308 3560 Templum
325 3482 421 3544 Dione.
443 3492 475 3542 υἷι
492 3483 564 3545 Lati.
678 3503 771 3544 ‘maru
795 3485 906 3562 redegit.
928 3513 962 3532 ···
990 3483 1083 3543 Oraia:
1106 3503 1146 3539 re·
1237 3525 1241 3539 .

115 3569 159 3624 nir
176 3571 205 3626 in
217 3567 351 3628 Auentino
370 3572 441 3630 lecit.
459 3571 490 3632 L.
499 3572 564 3629 Tar·
696 3575 772 3648 digit.

114 3656 193 3729 quius
206 3655 344 3734 Superbus
362 3662 453 3716 occiso
467 3655 563 3716 Seruio
636 3663 679 3718 16.
696 3661 735 3718 Ra
753 3661 848 3721 Reme.

115 3742 172 3798 eius
203 3763 313 3800 socero:
348 3749 432 3802 iussit
462 3745 564 3822 Regni.
637 3752 679 3808 17.
698 3748 736 3804 R:
754 3750 801 3825 qui
819 3749 935 3824 primum
953 3755 1078 3806 manem.

115 3825 178 3900 Quo
197 3827 241 3887 die
258 3832 387 3891 scelerata
398 3831 484 3890 Tullia
503 3842 552 3892 cet.
637 3837 681 3894 20.
698 3833 735 3891 R:
753 3845 877 3892 euentum
895 3839 934 3891 rei
953 3834 1118 3912 reprobarit.
1231 3851 1235 3864 ¹

52 3913 95 3966 12
113 3911 154 3969 R.
147 3916 263 3993 Qpreda
299 3968 302 3984 ,
637 3924 680 3980 ll.
697 3920 734 3977 R:
753 3925 782 3977 in
794 3919 886 3978 odium
898 3941 975 3977 suum
985 3917 1149 3977 adduxisset.
1209 3971 1216 3980 .

52 3999 96 4051 14
113 3997 154 4056 R·
146 4001 238 4061 ·Eius
254 4003 313 4064 lilii.
338 4005 401 4066 Sex
424 4002 565 4083 Tarquinii
636 4011 679 4067 93.
697 4001 737 4064 R:
761 4029 775 4064 a
795 4007 856 4064 Sex.
874 4007 931 4064 lilio
950 3999 1008 4064 'eius
1026 4005 1149 4064 Lucretia

113 4081 176 4142 dolo
207 4089 308 4150 Gabios
344 4096 372 4149 in
405 4104 564 4171 potestatem
695 4094 839 4174 pudicitii:
857 4115 908 4171 que
926 4105 1030 4152 uocato.
1081 4099 1084 4107 '
