2750 4720
509 247 511 254 ’
544 279 651 341 tinen
669 282 702 343 v.
1106 233 1194 378 etl.
1266 239 1269 249 ’

33 456 192 516 eventu
213 469 282 516 rem
304 443 599 516 coniectantibus
568 467 673 514 visum
694 446 734 514 ad
750 444 1009 518 damnationem
999 447 1098 540 ipsios
1113 446 1203 516 Ce-
1226 497 1228 506 ,

37 552 159 635 milli,
183 563 295 643 captae
317 549 430 619 deinde
452 550 537 618 urbis
559 550 723 634 Romanae
744 551 838 650 quod
854 564 930 656 post
949 577 1070 643 paucos
1092 551 1171 620 acci
1226 593 1241 626 ,ι
1267 597 1271 608 ·

43 657 108 723 dit
139 679 248 724 annos
277 655 410 723 cladem.
446 667 542 746 atque
569 653 623 722 ille
651 653 719 724 dies
744 624 842 724 caede
860 649 1011 725 hostium
1032 680 1071 725 ac
1092 655 1170 724 diro-

14 760 184 852 ptione
209 760 294 826 urbis
317 759 573 850 opulentissimae
595 769 658 828 est
667 771 884 851 consumptus.

158 863 263 931 XXII.
306 862 439 932 Postero
461 855 631 932 die-:libera
652 887 787 954 corpora
809 865 944 934 dictator
968 865 1030 932 sub
1052 874 1222 946 coronat¹
1260 873 1264 883 “

55 954 233 1038 vendiditr
267 969 305 1036 ea
325 967 550 1060 sola'pecunia
576 967 609 1034 in
633 968 799 1057 publicum
824 969 974 1060 redigitur
996 967 1080 1036 haud
1103 967 1171 1034 sine

56 1074 112 1142 ira
138 1073 256 1166 plebis.
292 1081 325 1140 et
347 1072 435 1161 quod
456 1071 605 1152 rettulere
627 1095 737 1141 secum
758 1075 911 1164 praedae,
931 1097 992 1141 nec
1014 1071 1097 1155 duci,
1117 1071 1177 1162 qui.

62 1175 110 1244 ad
134 1188 286 1244 senatum
307 1175 506 1272 malignitatis
529 1185 675 1264 auctores
697 1178 880 1269 quaerendo
902 1169 971 1246 rem
993 1167 1109 1246 arbitrii
1124 1174 1174 1242 sui

61 1281 253 1366 reiecisset,
279 1302 340 1350 nec
361 1282 498 1368 senatui,
524 1285 582 1370 sed
602 1281 739 1350 Liciniae
761 1283 915 1367 familiae,
942 1307 984 1352 err
1006 1278 1197 1372 qua-lilius,

67 1387 113 1454 ad
137 1397 288 1482 senatum
309 1385 481 1456 rettulisset
502 1399 592 1479 pater
612 1397 678 1455 tam
693 1375 854 1477 popularis
869 1383 1043 1458 sentcntiae
1065 1396 1176 1452 auctor
1189 1393 1233 1448 to
1327 1376 1330 1385 '

30 1541 40 1566 1
63 1491 203 1574 fuisset,
229 1500 396 1580 acceptum
417 1490 605 1560 referebant.
643 1507 718 1556 cum
737 1491 802 1557 ia'm
823 1491 981 1559 humanae
1004 1513 1083 1581 opes
1105 1483 1174 1578 ege-

69 1605 145 1662 stae
169 1619 189 1660 a
211 1594 288 1661 Veis
311 1606 432 1677 esseut,
457 1593 580 1661 amoliri
602 1603 671 1660 tum
694 1594 791 1662 deum
813 1584 933 1662 dona
924 1617 1075 1686 ipsosque
1095 1593 1198 1659 deos

70 1697 133 1765 sed
158 1696 333 1764 colentium
354 1698 455 1788 magis
478 1712 575 1787 quam
596 1697 786 1820 rapientium
805 1699 904 1766 modo
920 1720 1067 1789 coepere.
1089 1719 1175 1762 nam·
1271 1689 1278 1748 ἶ
1324 1741 1325 1750 ι

71 1793 140 1893 que
164 1786 280 1868 delecti
301 1825 356 1870 cx
348 1802 453 1872 omni
474 1805 615 1872 exercitu
635 1803 766 1872 iuvenes
782 1825 862 1893 pure
882 1801 976 1882 lautis
991 1771 1206 1890 corporibus

77 1905 215 1973 candida
236 1918 327 1975 veste
349 1907 464 1998 qurlrus
487 1906 682 1998 deportanda
703 1908 842 1975 Romam
866 1905 990 1998 regina
985 1906 1074 1972 luno
1098 1901 1175 1970 adsi·
1189 1911 1222 1970 ts

75 2020 173 2101 gnata
195 2021 263 2078 crat
284 2010 499 2086 venerabundi
520 2012 709 2103 templum
698 2011 810 2094 miore,
830 2011 934 2102 primo
956 2009 1102 2100 religiose
1124 2007 1176 2074 ad·

77 2125 246 2184 moventes
268 2137 392 2198 manus,
414 2116 503 2206 quod
522 2116 554 2182 id
577 2117 813 2207 signummme
829 2114 965 2192 Etrusco
990 2113 1049 2200 nisi
1071 2123 1177 2182 certae

79 2219 181 2311 gentis
202 2219 351 2288 sacerdos
372 2221 547 2290 adtrectare
569 2245 635 2290 non
657 2231 742 2290 esset
762 2221 889 2289 solitus:
921 2219 994 2287 dein
1015 2241 1090 2286 cum
1112 2215 1177 2306 qui-

35 2327 40 2346 '
80 2325 155 2390 dam
176 2345 234 2391 seu
255 2323 366 2415 spiritu
387 2324 493 2393 divino
515 2335 619 2394 tactus
640 2349 699 2394 sen
724 2325 862 2393 iuvenali
887 2325 960 2392 io'co
981 2323 1095 2416 „visne
1115 2321 1177 2388 Ro·

80 2449 167 2494 mam
187 2427 233 2493 ire
249 2427 372 2492 lun0?“
395 2427 533 2511 dixisset,
555 2429 702 2496 adnuisse
726 2431 822 2498 ceteri
845 2429 938 2496 deam
960 2426 1224 2494 conclamave-so

82 2541 163 2601 runt.
206 2529 279 2596 inde
306 2527 434 2597 fabulae
463 2531 622 2604 adiectum
655 2543 705 2602 est
737 2556 853 2601 vocem
885 2553 1014 2622 quoque
1037 2527 1178 2608 dicentis
1249 2595 1253 2608 ,

83 2627 165 2747 uelle
186 2632 339 2701 auditam:
361 2643 483 2702 motam
505 2646 590 2702 certe
612 2637 689 2708 sede
709 2659 767 2704 sua
782 2633 871 2726 parvi
884 2632 1061 2703 molimenti
1082 2630 1177 2700 admi·

77 2889 80 2896 ,
145 2834 224 2893 rm.
248 2835 288 2892 1..
312 2830 395 2910 idque
416 2850 543 2910 omnem.
559 2865 593 2878 -
725 2832 761 2890 Pr
776 2831 1027 2910 quamrapientium
1040 2827 1177 2886 modona·
1278 2876 1282 2892 .

145 2922 182 2978 P·
195 2921 341 3010 ptimuisse
353 2930 456 2998 postea.
474 2919 519 2980 ll:
509 2939 594 2997 ·per·
726 2919 1190 3000 pere.numanm.m.2.:eapere.x

147 3011 267 3067 timuisse
277 3018 371 3088 postea
385 3016 538 3065 euentnrem
547 3009 595 3086 (m.
725 3027 850 3086 namque.
861 3035 897 3050 -
913 3005 954 3064 lt:
972 3025 1062 3082 namq.
1079 3002 1185 3062 delicti..

144 3099 183 3174 ΒΑ
192 3093 596 3166 euenturumlconicotantibus.
727 3115 763 3155 m.
781 3097 820 3155 m
840 3113 931 3172 namq.
953 3093 1059 3150 delecti.
1082 3124 1116 3134 -
1143 3089 1180 3146 P:

107 3207 131 3264 1.
148 3208 226 3264 urbis
239 3194 416 3282 opulentiori
414 3226 496 3263 mne.-
512 3203 596 3268 Μ·-
640 3242 643 3250 ·
727 3203 795 3261 1³ule
826 3181 915 3240 11ΰᾶῐῦ
940 3179 1115 3260 μθῠιῬθῐῑῑιιΙι·
1153 3175 1181 3232 Μ
1296 3189 1297 3193 ’
1352 3216 1356 3228 .

148 3291 181 3348 P:
199 3292 274 3359 urbis
291 3290 522 3368 oppulensigsjm0‚
677 3327 681 3332 ,
728 3268 804 3329 Harl.
821 3289 839 3327 ι.
856 3268 934 3328 Laid.
951 3287 987 3327 1.:
1010 3285 1078 3344 pure
1099 3264 1181 3322 lautis

109 3398 133 3451 7.
149 3403 174 3452 et
188 3393 270 3473 qnod
280 3393 423 3452 rettulere
433 3413 546 3451 secum:
562 3392 599 3453 Μ.
729 3355 899 3432 ‘mimihilt

97 3461 99 3464 ¹
149 3512 180 3522 ..
200 3479 235 3536 Ρ,
253 3479 281 3536 e't
298 3479 371 3558 quod
386 3479 523 3541 rennuere
540 3500 597 3538 m·
670 3443 713 3499 ts
731 3442 900 3498 adtrectare
921 3459 982 3497 non
1008 3448 1088 3498 essct
1111 3439 1181 3496 roll·
1237 3469 1239 3472 -

150 3585 217 3627 eum.
730 3537 795 3586 tus:
813 3527 871 3586 ΡΜ.

679 3649 713 3664 -
732 3616 802 3672 dein
819 3633 885 3672 cum
903 3615 1043 3694 qnidam.-
1035 3613 1110 3673 tto
1122 3612 1183 3674 eod.

112 3679 136 3736 8.
153 3678 336 3753 quaerendo:
355 3677 391 3738 Μ.
416 3709 449 3720 -
474 3676 511 3734 P.
535 3695 599 3754 que·
733 3701 819 3761 Rhe„
826 3685 916 3762 'Harl
931 3723 949 3763 ι

151 3764 240 3824 rendo.
262 3785 319 3824 rem
342 3767 461 3824 arbitriis
483 3767 525 3821 uir
547 3765 599 3822 eie·

151 3853 236 3912 sisset.
254 3883 287 3894 -
306 3851 342 3911 P:
361 3853 396 3912 ad
408 3849 530 3911 moretoin
547 3864 601 3908 rn-

154 3936 273 3998 tullisset.

10 3753 11 3834 Ὗ
672 3792 714 3852 ιι.
732 3787 1183 3849 tuuemzrrocosnm.1.u-

734 3875 762 3933 Μ
779 3897 815 3936 m.
832 3879 872 3935 2:
891 3876 1022 3934 inncnili'
1014 3895 1083 3934 roeo.
1103 3873 1146 3933 Cl.
1161 3878 1185 3942 1,

730 3967 791 4024 ⁶75
818 3973 868 4032 „et
885 3973 941 4021 tum
960 3963 1068 4040 quidem
1080 3963 1119 4018 ‘ab
1139 3981 1185 4018 no·
1212 3983 1214 3992 ’

101 4050 136 4108 ll.
152 4067 213 4105 oum
226 4051 286 4106 iam
295 4049 444 4108 hnmanae
457 4071 526 4128 opes
536 4069 601 4132 ege·
734 4047 830 4109 sturno
846 4049 966 4130 iuuenali
982 4049 1047 4114 ludo
1059 4051 1187 4110 innostra

153 4144 214 4196 stoc
232 4156 253 4194 a
271 4135 344 4198 Veis
362 4147 478 4198 assent.-
497 4137 554 4198 ΡΜ.
568 4169 602 4182 ·-
735 4137 880 4197 redeunt“.

650 4351 658 4387 t
