2836 4720
232 276 300 344 ιιι
372 303 373 314 ¹
504 281 508 293 ’
694 285 804 374 ausu
820 285 866 347 ιι
945 346 947 354 ,

234 451 334 522 menti
355 461 481 544 caperet
522 449 630 542 ipsum
651 449 816 518 consulem
838 449 960 517 Romae
981 469 1108 516 manere
1130 447 1171 514 ad
1193 445 1334 514 conseri·

235 555 369 626 beudos
379 577 491 624 omnes
514 554 569 648 qui
590 575 675 622 arma
697 554 779 622 lens
801 564 942 645 possent,
964 551 1123 644 optimum
1136 551 1242 618 visum
1264 561 1333 618 est.

233 685 294 754 pro
316 661 446 731 consule
461 659 500 730 Τ.
516 658 699 746 Quinctium
720 659 860 726 subsidio
883 660 992 726 casteis
1015 681 1089 725 eum
1108 654 1216 724 sociob
1239 677 1332 724 exer-

111 794 116 803 ’
235 766 300 834 citu
319 767 411 836 mitti.
434 767 474 836 ad
496 789 572 834 eum
593 764 786 856 explendum
807 763 909 831 Latini
929 761 1119 882 Hernicique
1148 771 1181 828 et
1202 745 1334 826 colonia

196 870 364 954 tdntimn
386 872 461 938 dare
484 869 632 958 Quinctio
659 867 826 936 subitarios
851 867 1031 936 milites-
1052 853 1095 936 ita
1126 877 1194 934 tum
1216 889 1330 956 repen-

233 973 297 1042 tina
320 975 435 1049 auxilia
461 973 727 1068 appellabant-
748 972 834 1042 iussi.

320 1080 361 1149 V.
405 1079 499 1146 Multi
519 1103 577 1176 per
599 1102 655 1147 eos
682 1078 749 1146 dies
776 1085 883 1148 motus
910 1076 1066 1168 multique
1092 1075 1229 1166 impetus
1254 1073 1329 1144 hine

232 1194 328 1274 atque
350 1183 437 1254 illinc
458 1171 541 1269 faeti,
564 1184 637 1276 quia
659 1192 828 1275 superante
850 1180 1050 1250 multitudine
1065 1179 1173 1250 hostes
1196 1203 1329 1274 carpere

230 1286 433 1356 multifariam
454 1288 537 1358 vires
550 1289 711 1360 Romanas
732 1298 856 1358 utnon
877 1285 1063 1354 suffecturas
1086 1285 1127 1353 ad
1148 1285 1255 1354 omnia
1277 1283 1330 1351 ad-

157 1410 160 1423 '
184 1409 219 1464 ιο
230 1391 328 1480 gressi
350 1404 434 1462 sunt.
470 1392 565 1462 sbuul
587 1405 689 1462 castra
712 1390 975 1486 oppugnabantur
996 1389 1090 1458 simul
1115 1414 1188 1482 pars
1211 1388 1330 1458 exerci-

229 1505 281 1596 tus
303 1497 344 1563 ad
365 1497 583 1592 populandum
598 1524 709 1592 agrum
722 1499 904 1567 Romamun
916 1495 1013 1564 missa
1034 1495 1235 1586 urbemque
1225 1517 1331 1614 ipsam

228 1581 259 1664 si
284 1625 347 1692 qua
375 1603 501 1672 fortuna
529 1605 620 1674 daret
645 1602 874 1714 temptandam.
909 1599 947 1668 1..
969 1597 1116 1667 Valerius
1144 1598 1184 1666 ad
1211 1598 1330 1693 praesi-

228 1699 316 1772 dium
337 1707 423 1776 urbis
444 1709 588 1796 relictus,
619 1689 748 1784 consul
752 1705 935 1776 Postumius
957 1705 997 1772 ad
1020 1705 1171 1772 arcendas
1193 1703 1328 1794 popula-
1406 1749 1407 1756 ι

226 1806 329 1877 tiones
351 1811 462 1882 limum
488 1815 613 1883 missus.
649 1814 728 1882 nibil
754 1809 924 1908 remissum
951 1809 991 1878 ab
1020 1809 1086 1876 ulla
1114 1819 1203 1902 paxte
1233 1831 1329 1876 curae

181 1931 215 1988 15
227 1924 282 1980 aut
303 1913 431 1984 laboris.
460 1917 615 2008 vigiliae
604 1943 638 1986 ιιι
659 1919 739 1988 urbe
760 1900 912 1986 stitiones
935 1914 1008 1985 ante
1029 1925 1138 2006 portas
1160 1912 1329 2006 praesidia-

227 2016 345 2106 quein
366 2020 464 2088 mun's
487 2022 654 2116 disposita,
688 2033 721 2090 et
748 2021 837 2118 quod
863 2043 995 2091 necesse
1018 2027 1086 2088 erat
1113 2017 1147 2086 in
1167 2028 1256 2085 tanto
1278 2028 1328 2086 tu-

225 2119 344 2206 multu,
370 2123 523 2193 iustitium
543 2151 603 2220 per
624 2124 745 2218 aliquot
767 2126 835 2194 dies
861 2135 1032 2194 servatum
1071 2122 1197 2193 inteum
1220 2122 1255 2190 in
1277 2145 1327 2189 ea-

225 2223 299 2291 stris
320 2225 434 2294 Furius
462 2229 575 2298 consul
603 2254 677 2298 cum
677 2230 807 2328 primo
837 2228 963 2324 quietus
991 2226 1190 2298 obsidionem
1211 2251 1327 2324 passus

286 2379 380 2440 videre
397 2383 739 2465 nequidrospubliea.-
829 2389 857 2446 3.
871 2395 1009 2464 procons.
1035 2393 1055 2446 t.
1086 2386 1261 2462 quinctium.-
1289 2371 1326 2446 ll.

285 2467 398 2529 Videre
405 2472 513 2550 quidem
523 2471 740 2535 euaminfla'rtu
871 2495 923 2553 pro
941 2481 1027 2534 ebat.
1040 2473 1172 2550 quintius:
1191 2471 1222 2534 P.
1233 2506 1269 2516 —
1284 2472 1327 2530 ll:

191 2587 195 2592 ·
285 2564 313 2614 et
330 2555 406 2621 Leid.
423 2579 441 2620 1.
464 2570 600 2638 repertum
621 2583 681 2623 esse
699 2563 740 2620 di·
765 2621 769 2629 ,

287 2644 371 2717 eitun,
389 2647 484 2706 sedin
502 2648 546 2706 bis
563 2649 641 2710 libris
659 2652 740 2712 etiam

219 2767 224 2776 .
284 2729 350 2788 alias
373 2741 484 2794 etcum
508 2757 525 2794 e
547 2738 588 2794 sie
603 2747 738 2816 permuta·

283 2823 341 2874 tum
354 2829 414 2877 est
433 2826 541 2898 (exgr.
559 2825 586 2893 3,
603 2827 661 2884 53..
654 2826 739 2903 .qui·

214 2905 215 2908 ’
282 2902 409 2961 bustum
431 2911 550 2966 saeuire
567 2929 618 2986 pro
642 2912 739 2968 saeui·

282 2998 342 3044 ret:
349 2995 369 3059 )
390 2990 444 3047 hoe
461 3013 526 3050 vero
544 2993 605 3051 loeo
624 2997 741 3056 uideret
781 3027 783 3035 ι

282 3075 329 3130 vix
347 3073 441 3133 deesse
452 3078 559 3136 videtur
569 3101 664 3158 posse:
676 3101 739 3138 nam

282 3158 392 3218 illorum
420 3161 543 3222 locorum
573 3186 642 3243 quos
668 3165 737 3224 Dra·

281 3244 361 3311 lenb.
378 3249 482 3321 laudat,
507 3253 616 3321 6,18.:
644 3263 737 3323 „tem

278 3356 337 3412 pus
374 3347 421 3396 est
448 3340 566 3396 maiora
595 3333 736 3410 conori“,·

281 3425 326 3494 44,
354 3427 410 3486 11.:
446 3429 627 3498 „consilium
661 3431 738 3507 cepit

279 3513 336 3568 iter
354 3515 385 3570 ἰιι
408 3518 510 3574 urbem
526 3516 734 3594 patefacere“‚

268 3597 327 3666 *ubi
349 3599 498 3660 infinitivus
523 3625 576 3682 pro
603 3604 733 3682 gerundis

281 3685 399 3762 scriptus
422 3697 476 3758 est,
503 3709 597 3748 eorum
620 3711 734 3771 prorsus

280 3769 360 3829 aliam
379 3791 438 3830 esso
455 3777 585 3836 rationem
598 3781 679 3838 etiam
690 3799 734 3837 ms

152 3856 168 3902 .’
279 3857 415 3916 indicente
444 3881 524 3920 nemo
559 3887 615 3924 nou
650 3867 734 3928 videt.

280 3945 315 4006 cl.
332 3948 363 4017 3,
371 3948 429 4008 lt:
448 3953 574 4020 clienta
582 3957 734 4036 negotium

276 3989 361 4091 dedii
378 4044 411 4094 ut
427 4029 574 4118 uirginem
591 4045 622 4098 in
639 4044 731 4102 serui·

278 4128 371 4180 tutem
387 4125 574 4190 adsereret&
592 4125 626 4188 al.

871 2562 949 2630 latini
976 2563 1087 2637 erniciq.
1119 2589 1151 2604 -
1181 2559 1221 2618 li:
1249 2560 1326 2616 dare

871 2652 1009 2728 quinctio.
1027 2681 1063 2693 -
1079 2647 1103 2706 P
1119 2667 1155 2708 m.
1174 2650 1213 2707 1.:
1231 2649 1325 2704 sibita·

872 2739 937 2797 rios.
955 2757 990 2797 m.
1008 2739 1048 2796 ΞΑ
1068 2737 1220 2792 subitarios.
1235 2766 1269 2779 -
1287 2733 1324 2792 1³2

869 2826 907 2881 lta
926 2844 991 2880 cum
1009 2824 1157 2902 repentina.
1194 2879 1200 2895 .

825 2913 853 2972 7.
870 2912 957 2968 multi
973 2931 1029 2987 per
1053 2931 1106 2968 eoa
1130 2911 1210 2968 dies:
1230 2909 1262 2970 P.
1273 2942 1276 2952 ι
1287 2941 1325 2956 ‹-

868 2997 897 3054 ll
913 3017 950 3057 m.
972 3000 1011 3056 1.:
1037 2997 1104 3053 iussi
1127 2996 1179 3064 ulti
1202 3017 1252 3078 per
1275 3017 1324 3056 eos

869 3083 938 3142 dies.
955 3101 991 3142 m.
1000 3085 1040 3146 3.:
1058 3085 1193 3145 multi-
1205 3082 1245 3142 M:
1258 3083 1324 3154 bine

870 3179 950 3250 atque
967 3169 1041 3228 illine
1056 3171 1061 3242 Ι
1077 3173 1142 3231 aeti.
1160 3204 1195 3216 --
1217 3170 1255 3230 P:
1274 3171 1322 3227 ho·

867 3265 924 3313 stes
943 3277 1043 3334 capere
1059 3257 1233 3318 multifariam
1249 3261 1322 3317 uires

868 3363 1005 3405 romanos.
1234 3352 1237 3357 ’

807 3431 850 3493 11.
869 3434 1030 3512 urbemque
1048 3435 1158 3511 ipsam:
1180 3433 1211 3493 Ρ.
1228 3431 1322 3490 urbem
1344 3467 1345 3472 =

866 3519 968 3597 ipsam:
985 3519 1021 3580 lli.
1039 3552 1074 3563 -
1099 3521 1160 3578 PM:
1178 3529 1321 3592 temptan-

842 3607 947 3667 Ιιῖιιιιι.
960 3641 994 3652 -
1007 3607 1042 3664 P:
1056 3613 1110 3665 cis.
1127 3604 1154 3662 ll
1159 3627 1167 3660 ι
1185 3615 1257 3662 cons.
1270 3625 1320 3680 po·

865 3697 989 3754 stumius.
1013 3725 1049 3737 -
1078 3693 1121 3752 tl:
1139 3689 1173 3747 ad
1190 3691 1320 3756 arcendas

865 3782 1047 3861 populatione
1077 3797 1114 3840 m.
1141 3781 1180 3838 3.:
1205 3777 1318 3858 popula·

865 3871 964 3927 tiones.

804 3957 847 4016 17.
862 3975 918 4033 per
934 3953 1052 4032 aliquot
1063 3953 1144 4011 dies.-
1161 3951 1184 4011 P
1196 3973 1232 4013 m.
1243 3955 1269 4012 3.
1281 3949 1316 4012 ll.

862 4063 913 4120 per
930 4041 1044 4120 aliquod
1061 4041 1132 4102 dies:
1150 4039 1172 4098 P
1190 4061 1224 4099 m
1244 4041 1268 4098 1.
1281 4069 1316 4084 -

862 4129 899 4186 1²2
916 4128 1002 4188 furius
1019 4135 1076 4192 cis.
1093 4127 1134 4191 ll:
1151 4137 1225 4188 cons.
