2832 4720
484 331 507 399 κ
544 325 651 385 uam
668 325 713 386 111.
1049 303 1053 310 ’
1112 318 1176 386 255

77 492 166 558 duas
186 489 325 558 residuas
347 491 419 558 anni
440 487 551 581 prioris
573 509 684 555 causas
706 499 909 579 exceperunt.
943 492 1056 559 eodem
1078 493 1175 564 modo
1204 545 1206 550 -
1299 507 1303 518 '

77 594 231 662 consules
258 593 377 687 legem,
411 591 527 660 tribuni
558 590 708 660 indicium
737 593 777 661 de
805 592 936 662 Volscio
964 595 1182 686 inpediebanta

77 700 142 768 sed
163 701 195 767 in
217 699 438 792 quaestoribus
459 696 551 764 novis
576 696 678 766 maior
705 697 753 765 vis
779 697 880 766 maior
908 702 1076 770 auctoritas
1098 715 1175 776 erat.

76 827 157 872 cum
173 805 231 898 Ι111.
258 804 388 873 Valerio
415 801 523 870 Valeri
549 800 614 869 filio
642 801 754 898 Volesi
781 813 899 894 nepote
931 817 1082 894 quaestor
1108 819 1176 876 erat

75 909 122 977 ³1¹.
145 909 312 998 Quinctius
339 905 550 997 Capitolinus,
577 907 638 998 qui
664 917 714 974 ter
741 907 855 975 consul
879 907 992 977 fuerat.
1027 909 1070 993 is,
1099 927 1205 1001 quo-5

76 1015 169 1082 niam
195 1037 301 1104 neque
329 995 495 1098 Quinctiae
522 1004 659 1078 familiae
687 1009 790 1079 Caeso
817 1035 922 1103 neqrrc
954 1013 1001 1082 rei
1030 1015 1176 1105 publicae
1221 1029 1237 1066 ⁶

75 1118 240 1185 maximus
261 1117 412 1184 iuvenum
433 1115 554 1184 resumi
576 1126 696 1210 posset,
714 1117 830 1183 falsrun
850 1127 975 1202 testem,
997 1119 1051 1208 qni
1074 1121 1176 1188 dicen-

78 1221 143 1288 dae
166 1243 280 1288 causae
302 1219 432 1288 mnoxio
455 1232 647 1312 potestatam
669 1220 846 1305 ademisset,
868 1221 952 1290 iusto
967 1247 1004 1290 ac
1018 1225 1072 1314 pio
1089 1225 1176 1294 bello

75 1325 357 1416 persequebatur„
381 1349 455 1394 cum
476 1326 643 1416 Verginius
665 1325 804 1394 maxime
826 1349 868 1392 ex
889 1326 1021 1394 tribunis
1043 1329 1084 1397 de
1099 1330 1177 1420 dege

78 1441 196 1520 ageret,
218 1431 317 1497 duum
339 1454 487 1499 mensum
509 1430 646 1520 spatium
669 1429 851 1498 consilibus
873 1432 984 1506 datum
1001 1444 1050 1501 est
1071 1435 1111 1502 ad
1133 1436 1240 1508 in-10,

77 1535 275 1625 spiciendam
295 1535 410 1625 legem,
443 1545 481 1602 ut
502 1559 576 1601 cum
597 1535 799 1602 edocuissent
816 1535 984 1625 populum
998 1538 1074 1628 quid
1095 1539 1176 1607 frau-

98 1735 126 1792 3.
143 1731 200 1788 sed
229 1733 260 1787 iu
286 1731 479 1808 questoridus
508 1732 596 1788 nouis

143 1820 239 1875 maior
257 1820 304 1876 uis
319 1819 417 1876 maior
434 1819 597 1876 auctoretas

727 1730 1179 1813 versabantur‚unumpraecipuum

728 1839 763 1876 ex
788 1818 835 1876 illo
861 1840 971 1876 numero
994 1841 1060 1898 prae
1082 1827 1178 1881 ceteris

727 1907 896 1962 nominarent
912 1906 985 1984 quod
1005 1910 1034 1964 in
1047 1929 1079 1966 eo
1092 1913 1177 1968 maior

727 1991 857 2070 quaedam
874 1994 904 2050 in
922 2013 951 2049 re
967 1995 1117 2070 peragenda
1135 2000 1177 2056 vis
1274 2067 1276 2076 y

726 2081 815 2157 posita
828 2079 911 2137 fnisse
922 2079 1070 2139 videretur:
1089 2093 1177 2142 tamen

726 2167 785 2224 eam
803 2189 858 2226 uon
875 2167 955 2225 huius
971 2167 1025 2228 loci
1048 2172 1178 2230 rationem

726 2275 786 2312 esse
804 2257 927 2325 arbitror,
944 2256 1101 2334 praesertim
1117 2248 1180 2316 cum¹
1239 2283 1240 2286 ¹

727 2343 757 2400 id
779 2343 852 2422 quod
876 2343 1014 2404 Gronovio
1041 2357 1070 2404 et
1093 2347 1177 2406 Drak.

726 2430 895 2508 probandam
911 2431 1061 2503 videbatur,
1079 2436 1132 2492 uisi
1149 2437 1178 2491 in

727 2516 922 2574 recentioribus
934 2517 1010 2576 libris
1021 2541 1075 2576 uon
1089 2523 1126 2578 sit
1137 2542 1177 2578 re-
1258 2533 1261 2545 '

143 1915 223 1961 erat:
241 1903 271 1964 P.
289 1937 324 1948 -
343 1904 386 1964 M:
404 1903 498 1962 sedin
516 1925 595 1983 qnae·

125 1991 261 2050 ”nuribus
284 1993 363 2049 nouis
385 1994 481 2049 maior
499 1993 593 2065 aucto!

142 2080 209 2136 ritas
227 2088 290 2138 crat.

100 2191 127 2249 1.
145 2212 209 2247 cum
222 2165 261 2251 M.
275 2153 397 2248 Valerio
412 2189 519 2249 Valeri
521 2189 593 2266 filio

144 2279 251 2337 Volesi
261 2287 363 2352 nepote
377 2288 518 2353 quaestor
530 2286 595 2336 erat

148 2368 180 2424 Τ.
211 2365 363 2440 Quinctius
393 2365 596 2438 Capitolinum

143 2451 179 2510 Μ.
191 2481 226 2492 --
244 2453 281 2506 P:
301 2470 361 2506 cum
378 2471 414 2508 m.
432 2449 532 2508 ualerio
549 2469 595 2508 ue·

144 2537 195 2594 leri
211 2535 269 2594 filio
281 2536 365 2594 uelesi
376 2546 474 2613 nepote
486 2545 595 2614 questor

147 2635 205 2682 erat
220 2634 240 2684 t.
258 2625 377 2701 quintius
396 2623 564 2702 capitolinus.

101 2739 128 2796 5.
148 2737 173 2791 is
185 2736 324 2813 quonium
336 2754 431 2810 neque
443 2733 596 2809 Quinctiae

138 2821 299 2894 familiae.-
319 2821 355 2880 sd.
378 2853 412 2866 -
439 2819 476 2879 P:
503 2823 528 2878 is
550 2831 596 2900 qm

38 2970 46 2982 x
146 2929 232 2986 neque
255 2909 373 2986 quiintiae
396 2907 541 2967 familitiac.
559 2940 596 2952 -

144 2987 596 3076 Pidtuequereip.-P:iunoxie.
695 3037 700 3045 =

103 3123 128 3178 9.
147 3137 212 3176 eum
224 3117 385 3197 Verginius
397 3122 526 3177 maxime
544 3124 555 3190 (
560 3117 596 3176 M:

143 3207 293 3274 maximus)
310 3226 351 3262 ea:
364 3209 490 3264 tribunis
505 3208 543 3263 de
556 3209 596 3265 lc-

144 3311 183 3370 ge
194 3300 309 3368 ageret.-
326 3290 372 3363 111]
390 3313 449 3350 cum
461 3293 597 3370 Virginius

148 3379 263 3432 maxime
274 3385 302 3431 et
312 3378 413 3433 tribuni
427 3379 526 3456 delego
539 3401 597 3455 age·

149 3471 210 3519 rent
229 3461 288 3531 (ed.
305 3461 390 3532 Ala).
413 3495 446 3506 -
476 3466 510 3523 P:
537 3488 599 3526 cum

148 3550 284 3624 uerginius
307 3551 422 3606 maxime
445 3561 473 3608 et
497 3555 599 3612 tribuni

149 3656 183 3692 cx
211 3636 327 3692 tribunis
357 3635 391 3691 de
420 3636 477 3714 lege
504 3651 600 3714 ageret.

149 3721 223 3782 Harl.
239 3743 270 3782 a:
289 3733 316 3780 et
332 3724 456 3784 tribunis.
480 3725 555 3786 Laid.
568 3747 600 3786 ιε

150 3821 247 3886 ageret
268 3841 302 3852 -
327 3811 494 3890 Quamquam
512 3823 540 3872 et
556 3815 601 3872 ti-

151 3899 212 3953 nius
237 3907 265 3953 et
291 3898 336 3955 alii
357 3903 503 3978 scriptores
529 3901 601 3960 haud

152 3987 279 4040 raro'ita
306 3989 485 4060 scripserunt,
514 3999 545 4046 ut
567 4009 601 4047 ex

151 4072 240 4148 aliquo
249 4069 385 4129 hominum
394 4095 503 4133 numero
513 4078 560 4154 qui
572 4079 600 4133 iu
617 4143 623 4152 ἱ

152 4157 245 4216 eadem
272 4177 302 4216 re
325 4151 424 4217 versati
449 4173 525 4218 erant
554 4173 601 4220 aut

727 2612 841 2680 partum.
855 2603 936 2660 altera
949 2605 1029 2663 lectio
1041 2607 1106 2665 inde
1117 2617 1178 2664 nata

728 2687 846 2758 videtur,
873 2691 946 2767 quod
963 2702 993 2748 et
1008 2713 1049 2750 eac
1065 2703 1096 2750 ut
1113 2692 1178 2751 alias

726 2794 806 2851 saepe
818 2778 898 2832 etiam
910 2777 962 2832 hoc
979 2778 1040 2835 loco
1052 2781 1081 2835 iu
1092 2781 1178 2836 vicem

726 2871 942 2940 permutarentur
975 2864 1025 2934 (cf.
1054 2865 1087 2925 T.
1116 2865 1179 2925 Liri

728 2948 747 3008 l.
759 2967 822 3009 xxx.
839 2971 866 3028 p.
878 2953 973 3020 mm).
996 2951 1098 3009 Contra
1108 2953 1178 3023 ead,

730 3038 1178 3120 15.a,‚anoousulumPupiriiiJuc

671 3194 674 3206 Ι
726 3127 917 3201 praecipuum
940 3127 975 3184 id
996 3129 1087 3188 decus
1108 3133 1178 3192 sit“.

729 3213 773 3280 21,
791 3213 848 3270 tu:
866 3223 919 3282 „ut
936 3215 1072 3272 consulem
1085 3216 1179 3274 ducem

729 3297 857 3355 adversus
865 3301 1062 3358 Haeruidulem
1071 3324 1102 3359 ac
1113 3304 1180 3360 Poe·

730 3404 779 3440 uos
788 3385 952 3444 haberetis“.
970 3389 1180 3458 30‚1a.=‚‚mis-
1241 3393 1247 3403 ’

728 3489 759 3524 so
778 3470 916 3546 Syphace
933 3481 960 3526 et
978 3477 1123 3550 captivis“.
1135 3478 1169 3534 al.

669 3559 713 3614 10.
732 3557 823 3612 duum
842 3577 976 3614 mensum
996 3563 1131 3638 spatium,
1146 3597 1180 3606 -—

732 3642 772 3699 Mt
791 3643 854 3700 dum
872 3647 976 3713 (min
995 3649 1090 3722 duum)
1108 3673 1180 3708 men-

732 3749 791 3786 sum
809 3733 938 3807 spacium.
955 3732 990 3790 P:
1009 3735 1091 3794 duum
1108 3759 1180 3795 men·

734 3837 813 3874 suum
831 3821 883 3890 (m.
894 3821 935 3878 ΩΑ
954 3827 1104 3898 mensium)
1121 3847 1181 3904 spa·

730 3907 814 3964 tium'

672 3991 715 4050 11.
732 4012 797 4048 eum
820 3994 1008 4054 edocuissent
1025 4001 1182 4074 populum.-

729 4078 760 4137 P.
784 4099 844 4138 cum
868 4101 900 4138 eo
925 4083 1080 4140 docuissent
1096 4107 1181 4162 popu·

732 4163 800 4224 lum:
818 4167 853 4228 111.
877 4199 913 4214 -·
943 4170 978 4228 P:
996 4171 1062 4250 quid
1080 4171 1181 4232 fraudis
