2802 4726
227 289 293 360 att
695 297 806 358 arura
829 297 861 358 v.
981 359 985 380 ,

188 494 190 502 ’
226 491 302 538 nem
323 465 400 534 belli
426 463 651 554 fortunamque
679 458 863 547 accusante,
890 458 1038 552 Verginio
1067 459 1260 550 deprecante
1276 443 1333 530 'ue

218 571 380 640 ‚infelicior
408 569 495 636 dorni
522 592 620 660 quam
647 567 776 634 militiae
804 577 899 634 esset.
938 566 971 632 in
997 565 1057 632 hos
1084 589 1177 632 versa
1202 565 1249 632 ira
1275 592 1332 656 po-

227 677 293 766 puli
317 672 528 766 cooptationis
556 672 754 740 tribunorum
781 657 964 762 fraudisque
991 679 1100 738 contra
1121 668 1229 760 legem
1251 671 1332 738 Tre-

227 779 357 848 boniam
378 779 480 846 tactae
502 775 690 844 memoriam
718 776 887 844 obscuram
914 775 999 844 iecit.
1036 765 1173 866 victores
1199 776 1333 858 tribuni,

198 896 264 956 out
285 894 486 976 praesentem
508 881 691 950 mercedem
711 879 817 948 iudicii
831 880 942 971 plebes
957 880 1099 963 haberet,
1121 878 1226 970 legem
1240 906 1332 973 agra-

113 1041 119 1060 .
226 990 306 1056 riam
327 987 544 1082 promulgant,
572 985 790 1078 tributumque
812 985 949 1054 conferri
970 984 1155 1077 prohibent,
1181 1009 1257 1052 eum
1280 1000 1334 1057 tot

226 1094 417 1162 exercitibus
438 1093 596 1182 stipendio
619 1112 701 1179 opus
723 1102 817 1174 esset,
839 1113 954 1182 resque
976 1089 1087 1156 militia
1107 1089 1149 1156 ita
1171 1115 1333 1183 prospere

227 1209 411 1288 gererentur
431 1207 468 1267 ut
488 1196 577 1265 nullo
600 1195 686 1262 bello
709 1197 869 1268 veniretur
892 1196 933 1262 ad
956 1195 1078 1262 exitum
1092 1195 1148 1262 rei.
1183 1220 1332 1288 nmnque

225 1303 304 1370 Veis
333 1313 435 1370 eastra
465 1323 547 1390 qnae
573 1298 690 1368 amissa
719 1313 809 1368 erant
836 1289 1023 1390 recuperata
1050 1299 1186 1368 castellis
1208 1293 1332 1391 praesi-

134 1443 137 1455 ·
179 1423 213 1482 10
225 1407 347 1498 diisque
374 1406 547 1474 firmantur.
584 1417 751 1493 praeerant
777 1405 893 1473 tribuni
928 1403 1065 1472 militum
1091 1403 1141 1472 Μ’.
1169 1405 1333 1476 Aemilius

149 1561 152 1572 .
227 1523 259 1579 et
286 1513 326 1580 K.
354 1509 481 1578 Fabius.
518 1535 538 1577 a
564 1508 610 1576 M.
637 1509 734 1586 Furio
762 1510 795 1576 in
817 1508 951 1576 Faliscis
980 1520 1012 1577 et
1040 1508 1100 1578 Cn.
1121 1507 1268 1587 Comelio
1293 1514 1333 1578 in

225 1615 387 1707 Capenate
410 1638 485 1704 agro
508 1614 618 1684 hostes
645 1615 724 1680 nulli
753 1626 843 1682 extra
867 1614 995 1682 moenia
1021 1613 1155 1682 inventi:
1186 1618 1334 1706 praedae

224 1732 313 1788 actae
335 1719 551 1812 incendiisque
573 1717 720 1789 villarum
742 1743 780 1788 ae
802 1720 930 1810 [rugum
951 1719 1065 1787 vastati
1087 1719 1181 1787 fines:
1208 1722 1333 1812 oppida

226 1837 408 1916 oppugnata
430 1849 498 1898 nee,
513 1825 643 1894 obsessa
665 1836 750 1892 sunt.
788 1835 821 1892 at
841 1825 873 1890 in
886 1823 1014 1897 Volscis
1036 1825 1231 1918 depopulato
1250 1851 1332 1916 agro

179 1947 212 2002 15
224 1929 335 2020 Anxyr
366 1931 562 2020 nequiquam
589 1941 811 2021 oppugnatum
837 1929 912 1997 loco
940 1929 1005 1996 alto
1033 1927 1146 2012 situm,
1181 1940 1213 1996 et
1240 1943 1333 2020 post-

195 2023 321 2123 ‘quam
343 2035 391 2102 vis
413 2033 504 2103 inrita
527 2046 604 2120 erat⁷
625 2035 712 2103 vallo
734 2036 886 2126 fossaque
909 2031 1045 2102 obsideri
1067 2045 1230 2124 coeptum.
1266 2037 1333 2104 Va-

286 2260 738 2338 OEmffiQfflqm

282 2357 344 2406 tuas
361 2351 445 2418 vires,
466 2359 524 2406 turn
541 2353 596 2408 rim
617 2351 738 2409 fortunae

233 2429 237 2442 '
283 2436 450 2516 Martemque
479 2437 542 2494 belli
572 2457 738 2498 communem

111 2589 120 2604 ἱ
174 2531 180 2540 ’
282 2523 658 2604 proporrcanimo“.-Pld:
674 2545 738 2582 uer·

173 2638 176 2646 ·
281 2615 364 2692 gieio
375 2614 559 2689 deprecante.
568 2642 603 2656 ·-
614 2611 653 2670 lli:
665 2613 739 2672 domi

286 2720 367 2778 quarn
384 2700 512 2757 militiano
530 2710 608 2760 essct.

239 2788 266 2845 7.
286 2807 360 2863 opus
377 2797 472 2846 esset:
489 2788 520 2848 P.
546 2819 579 2832 -
606 2785 647 2844 Με
669 2807 739 2864 epus

285 2879 326 2946 ἓξ.
339 2905 373 2916 -
390 2875 455 2932 lnP
472 2876 633 2954 sequebatur
649 2873 739 2930 littera

208 3023 211 3034 ‚
284 2981 316 3030 a,
337 2982 405 3038 quae
427 2961 498 3020 baud
520 2965 577 3020 scio
596 2983 630 3018 an
648 2964 739 3039 prima

285 3065 366 3102 manu
385 3060 516 3125 expuncta
534 3060 583 3107 est.

231 3162 266 3176 -·
284 3127 408 3190 militia:
420 3135 485 3206 ΡΜ]
498 3135 617 3194 militiae.
629 3165 662 3178 -·
674 3135 738 3193 Non

194 3291 200 3299 ι
284 3220 657 3299 dubitarimilitierecipere.
674 3243 738 3280 nam

219 3321 226 3330 “
285 3329 444 3388 quamquam
462 3311 544 3368 domi
555 3311 737 3388 militiaeque

284 3397 368 3455 scribi
385 3398 501 3467 solebat,
513 3409 610 3456 'tamen
627 3396 673 3454 ille
691 3397 736 3454 ab·

286 3485 385 3544 latirus
397 3507 452 3544 uon
463 3489 553 3544 minus
565 3497 637 3544 recte
650 3507 680 3544 se
691 3485 737 3542 ba·

285 3569 367 3626 bebat
387 3593 467 3650 Qum
489 3575 542 3632 hoe
564 3575 659 3632 eodem
676 3573 737 3631 loeo
759 3635 765 3645 ¹

285 3655 381 3723 „nullo
410 3658 503 3715 bello“
530 3663 643 3740 aliisque
669 3662 738 3720 locis

286 3740 378 3810 „bello
398 3743 547 3823 domique“
570 3750 619 3820 (ci.
641 3752 671 3818 1,
695 3751 739 3808 3⁴.

286 3827 346 3899 ab).
385 3829 452 3888 lracc
479 3836 558 3892 etiam
589 3857 667 3892 eausa
697 3847 739 3893 est

182 3957 185 3962 ,
281 3933 335 3974 ‚our
348 3919 467 3976 seribere
478 3921 609 3982 noluerim
619 3925 739 3998 ‘militiai
786 3963 793 3976 ,

288 4001 383 4104 placer.
396 4009 421 4074 1,
431 4011 499 4082 δα),
517 4014 636 4087 quamvis
649 4013 737 4068 littera

285 4107 296 4142 ι
313 4103 448 4164 sequatur.

825 2265 852 2322 Β.
869 2261 913 2318 ad
922 2261 1034 2316 exitum
1046 2261 1106 2316 reia
1124 2259 1151 2316 Μ
1163 2259 1223 2317 cod.
1236 2259 1331 2320 Rhea.

868 2357 896 2404 et
914 2355 981 2426 optt.
994 2349 1095 2425 quique
1109 2347 1204 2420 codd]
1218 2349 1255 2404 ad
1269 2355 1332 2408 exi·
1379 2361 1380 2368 ’

870 2446 927 2493 turn
944 2438 1013 2512 spei.
1025 2434 1096 2492 -P
1114 2457 1149 2494 m.
1169 2439 1207 2494 1.:
1226 2437 1263 2493 ad
1281 2459 1331 2496 ex·

869 2525 955 2580 citum
963 2526 1071 2602 spei-
1080 2522 1108 2580 Μ
1117 2545 1152 2583 m.
1163 2527 1200 2582 1.:
1211 2528 1259 2580 rei
1267 2529 1330 2583 rei:

869 2610 920 2667 sed
938 2610 1047 2668 alterum
1067 2614 1113 2668 rei
1128 2631 1233 2668 erasnm
1255 2624 1308 2672 est.

740 2730 744 2736 ·
826 2701 855 2757 9.
872 2698 907 2758 V
902 2701 964 2756 eia:
976 2697 1134 2772 PMJVeiis.
1143 2731 1177 2742 -
1188 2698 1221 2756 P:
1232 2703 1327 2758 amisa.

811 2786 854 2844 10.
869 2795 1031 2861 praeerunt
1047 2793 1084 2846 tr.
1103 2788 1163 2846 md.
1181 2797 1218 2846 m.
1236 2791 1328 2844 oemi-

871 2875 933 2931 lius
951 2884 981 2931 et
997 2895 1025 2954 q.
1043 2874 1170 2946 sobius:
1192 2873 1248 2934 ΡΜ.
1279 2874 1327 2934 Cs.

870 2963 898 3028 ὅ,
917 2963 960 3020 10.

810 3046 853 3105 ¹1.
870 3065 891 3100 a
908 3047 949 3105 M.
966 3047 1074 3104 Furio:
1096 3047 1124 3104 Μ
1142 3048 1201 3108 eod.
1219 3048 1327 3122 libem]

868 3131 904 3188 Μ.
922 3131 1013 3194 Furio.
1038 3165 1073 3176 -
1098 3134 1139 3192 ll:
1160 3141 1234 3195 cim.
1253 3137 1327 3194 furio

868 3219 899 3276 iu
916 3219 1034 3281 falliscis.

809 3307 852 3367 13.
870 3309 1012 3382 pillarum
1029 3329 1066 3366 ae
1076 3309 1223 3394 frugumf
1243 3309 1271 3366 Μ
1289 3333 1328 3371 m.

868 3398 894 3455 3.
913 3393 944 3455 Ρ.
956 3427 990 3438 -
1007 3396 1036 3454 Μ
1053 3415 1087 3457 m.
1107 3401 1145 3456 1.:
1161 3393 1277 3473 leugam.
1292 3429 1330 3442 -

870 3482 932 3540 Ptl:
951 3487 1049 3541 uastati
1066 3483 1143 3543 fines.
1161 3484 1263 3562 oppida
1278 3507 1329 3564 op-

869 3581 985 3648 pugnata
1002 3593 1053 3630 nec
1071 3573 1179 3629 obsessa
1196 3583 1270 3632 sunt.

810 3659 851 3718 15.
869 3659 1331 3740 Aneyrnequipuamoppugna-

870 3755 934 3802 tum
955 3749 1021 3805 loco
1044 3749 1107 3805 alto
1129 3749 1235 3806 situm.-
1259 3748 1331 3824 ΡΜ]

870 3835 966 3890 Anxur
983 3838 1158 3913 nequicquam
1176 3845 1227 3894 eet:
1237 3866 1275 3878 -
1291 3837 1331 3894 P:

871 3929 900 3976 et
915 3933 1058 3998 postquam
1076 3927 1135 3980 ucis
1158 3924 1237 3980 inrita
1259 3935 1332 3984 erat.

871 4041 905 4052 -··
923 4008 963 4066 tl:
982 4020 1039 4066 erat
1057 4009 1139 4070 ualde
1157 4009 1258 4088 fossaq.
1277 4013 1332 4068 ob-

811 4152 815 4156 ,
869 4095 953 4153 sideri
972 4109 1104 4177 coeptum.
1217 4157 1227 4165 ,
