2832 4720
546 299 655 360 rum
670 299 716 361 ru.
759 287 765 299 ’
1112 243 1199 376 ¹uro

86 466 212 533 cultum
232 467 265 533 in
286 433 510 534 contirluandis·
526 462 755 556 magistratibus
776 461 880 545 soluit,
899 462 959 553 ipsi
979 487 1109 556 quoque
1130 487 1180 532 so

82 570 191 636 lutum
212 570 305 639 vultis
328 593 369 637 ue
389 568 556 638 temeritati
577 567 784 636 mrdtitudinis
803 568 936 651 cedatis,
963 577 1128 658 tamquam
1147 570 1180 638 id

82 673 130 740 sit
150 673 224 764 plus
244 697 340 766 posse
361 674 394 740 in
415 673 539 746 civitate
559 671 633 762 plus
653 672 789 740 levitatis
816 695 854 740 ac
880 671 1025 740 licentiae
1046 671 1179 742 habere:

80 777 189 844 lardus
211 780 298 846 enim
317 779 493 869 vaniusque
513 777 658 868 prolecto
680 787 730 844 est
750 800 807 866 spa
829 776 955 844 decreta
977 787 1011 843 et
1037 761 1180 845 con'sulta
1234 847 1238 870 ¹

81 881 202 949 tollere
228 906 326 974 quam
354 881 496 950 aliorum.
534 879 699 946 imitamini
724 891 830 971 patres
859 879 1028 970 conscripti
1054 881 1209 952 turbans

81 983 314 1072 inconsultam,
352 998 386 1056 et
412 986 468 1080 qui
493 984 642 1076 exemplo
669 984 737 1052 aliis
769 1009 839 1054 esse
871 984 1008 1067 dehetis,
1048 985 1182 1053 aliorum

83 1091 239 1180 exemplo
261 1091 400 1183 peccatis
415 1091 522 1182 potius
536 1113 634 1181 quam
656 1088 708 1156 alii
720 1099 827 1157 vestro
848 1100 938 1156 reete
951 1089 1082 1158 iaciant:
1104 1090 1181 1156 dum

83 1217 150 1282 ego
171 1218 213 1261 ne
242 1195 346 1264 imiter
371 1196 515 1264 tribunos
541 1217 602 1262 uec
628 1217 681 1262 me
709 1205 818 1262 contra
836 1197 975 1261 senatus
1000 1193 1183 1261 consultum

83 1298 253 1387 consillum
274 1300 443 1368 renuntiari
469 1299 579 1391 patiar.
605 1309 650 1366 ‘ts
677 1322 755 1366 vero
777 1298 815 1366 C.
838 1297 951 1366 Claudi
976 1298 1127 1366 adhortor
1142 1309 1183 1372 ¹ut

19 1443 23 1458 ·
82 1411 120 1468 et
146 1400 214 1492 ipsc
241 1404 398 1497 populum
418 1404 600 1472 Romanum
626 1402 688 1470 hac
714 1402 841 1470 licentia
867 1427 975 1470 arceas
1003 1413 1036 1471 et
1063 1404 1103 1470 de
1129 1427 1182 1470 me
1196 1413 1230 1468 10

57 1501 152 1571 ¹hoc
178 1505 234 1573 tibi
261 1509 467 1599 persuadeas,
498 1531 552 1576 me
578 1508 621 1575 itu
648 1518 853 1597 accepturum
880 1519 1002 1574 utnon
1027 1505 1183 1576 honorem

82 1633 197 1676 meum
225 1637 244 1679 a
270 1625 304 1680 te
330 1612 518 1702 impeditum
539 1611 596 1678 sed
621 1610 756 1700 gloriam
783 1611 881 1700 spreti
906 1610 1035 1693 honoris
1058 1624 1183 1680 auctam
1292 1667 1295 1674 ,

82 1713 309 1806 invidiamque,
329 1739 414 1806 quae
435 1737 477 1782 ex
499 1713 683 1781 continuato
699 1736 739 1780 co
753 1712 948 1804 inpenderet,
968 1711 1107 1780 levatam
1128 1740 1180 1806 pu·

83 1822 190 1886 tem“.
209 1819 441 1888 tcommuniter
461 1817 535 1886 inde
557 1817 686 1888 edicunt
705 1841 747 1886 ns
769 1816 840 1908 quis
859 1815 898 1884 h.
921 1815 1085 1903 Quintium
1110 1843 1184 1886 cou-

733 1976 795 2023 tum
817 1967 933 2022 irritum
947 1965 1020 2041 fiet,
1046 1963 1111 2024 dum
1136 1988 1184 2043 ego

732 2073 768 2110 ns
796 2054 887 2112 imiter
911 2052 1034 2109 tribunos
1061 2073 1112 2110 nee
1140 2073 1184 2110 me

736 2139 873 2198 consulem
896 2141 1042 2196 renuntiari
1068 2143 1186 2217 putiur“.

655 2275 657 2282 ,
734 2226 829 2286 eodem
846 2247 934 2296 sensu¹
945 2229 989 2296 28,
1002 2228 1044 2288 40.
1063 2247 1118 2287 nou
1135 2249 1187 2304 ap·

732 2315 845 2392 pellent
874 2313 1056 2393 scribendum¹
1074 2311 1123 2371 sed
1153 2333 1187 2372 ox
1227 2336 1230 2346 ¹

736 2400 797 2462 Put.
820 2396 897 2461 Colh.
919 2401 1014 2462 Bamb.
1036 2403 1189 2488 appellant
1289 2451 1290 2458 ,

736 2489 929 2545 restituendum
947 2499 1000 2545 est:
1016 2500 1120 2565 „utque
1137 2508 1186 2563 ego

150 1969 324 2043 magistratus
336 1967 447 2029 soluit“.
465 1988 544 2026 amc
561 1970 600 2027 ri·

151 2053 601 2114 deturlitterarummetathesiseri·
646 2116 650 2128 ¹

148 2149 226 2218 ptnnr
243 2161 472 2224 cess-prosam.
490 2173 524 2186 -
538 2141 601 2202 Pil:

148 2230 204 2306 ipsi
220 2241 328 2309 qnoque
344 2230 461 2290 solutum
479 2229 570 2290 uultis.

106 2317 135 2374 5.
151 2318 305 2378 initamini
307 2341 338 2398 p
346 2340 371 2378 c.
380 2319 496 2377 turbam
505 2320 602 2393 incon·

151 2406 269 2472 sultam,
281 2415 310 2462 et
322 2407 376 2482 qui
384 2408 519 2481 exemplo
532 2406 602 2462 aliis

152 2511 220 2546 esse
232 2491 353 2559 debetis,
367 2494 495 2550 oliorum
506 2511 603 2550 exem·

151 2577 202 2651 plo
230 2579 359 2652 percutis
386 2581 485 2654 potius
515 2597 605 2655 quom

153 2665 210 2720 alii
230 2661 269 2733 (P
286 2683 322 2723 ru.
342 2663 381 2724 1.=
403 2665 483 2735 ullis)
504 2673 604 2721 metro

151 2758 230 2808 recte
240 2750 378 2823 fociant:
395 2749 454 2812 Pu.
468 2781 503 2794 -
519 2750 606 2808 Aldus

152 2839 256 2916 primns
265 2839 376 2915 scripsit
381 2840 516 2913 peccetis,
534 2857 606 2896 eum·

1 2997 9 3007 ἱ
65 3001 68 3004 ¹
153 2946 206 3002 qne
231 2927 395 2983 recentiores
423 2927 508 2982 secuti
534 2935 607 2986 sunt.

154 3012 203 3068 sed
218 3016 361 3088 peccatis,
387 3015 463 3069 utin
482 3011 606 3068 omnibus

155 3099 234 3160 codd.
247 3111 297 3167 est,
315 3101 465 3158 rectissime
476 3119 507 3155 se
517 3099 607 3168 hahet,

155 3207 206 3246 neo
223 3189 392 3256 imitamini,
411 3187 442 3244 id
458 3186 531 3263 qndd
547 3186 606 3244 Du·
650 3191 655 3207 '
683 3253 686 3264 .

156 3272 235 3328 herus
252 3272 353 3341 voluit,
379 3293 429 3349 pro
447 3275 606 3348 imperativo

157 3357 376 3417 habendumest.
405 3359 457 3420 hoc
478 3361 549 3416 euim
571 3361 607 3418 si·

157 3442 318 3521 milibusque
340 3443 407 3502 locis
430 3444 518 3522 ellipsi
544 3465 608 3522 qna·

157 3531 220 3588 dum
248 3532 321 3588 dum
342 3551 379 3588 ne
403 3551 420 3588 a
442 3530 521 3589 Livio
549 3553 609 3592 sum

156 3619 249 3696 priore
283 3620 405 3676 orrtious
439 3619 609 3679 coniunctum

158 3718 214 3776 est,
230 3709 308 3784 qussi
325 3705 498 3764 scribendum
515 3703 608 3763 inerit:

160 3796 322 3864 „imitamini
342 3793 447 3851 turbam
474 3792 609 3852 inconsul-

160 3889 215 3937 tam
233 3889 260 3936 et
282 3881 399 3959 peccatis
420 3881 475 3958 ipsi
498 3878 611 3938 eliorum

160 3965 281 4044 exemplo
305 3970 395 4041 potius
417 3988 497 4046 quum
517 3977 548 4025 ut
565 3967 612 4026 alii

160 4063 251 4112 vestro
274 4065 347 4111 recte
366 4054 473 4116 iaciant.
502 4056 560 4115 aad
575 4075 612 4114 ne

160 4145 204 4200 ita
221 4141 341 4219 quidem
357 4151 480 4202 sendus
497 4143 612 4202 consul·

737 2583 839 2631 cenum
847 2573 932 2632 haheo
943 2575 1111 2632 dissentienti
1119 2575 1187 2632 mihi

737 2663 772 2718 ah
798 2663 849 2718 ista
872 2661 1042 2718 festinatione
1064 2664 1094 2720 ln
1116 2661 1187 2718 Alti-

741 2767 799 2804 euru
816 2748 957 2804 traiciendi
970 2748 1081 2806 duarum
1099 2767 1190 2811 rerum

736 2833 902 2892 subeundam
931 2836 1085 2910 opinionem
1121 2855 1189 2905 esse,

738 2922 819 2979 unius
836 2953 870 2964 —
889 2923 985 2978 insitae
1004 2923 1111 2998 ingenio
1128 2943 1188 2980 meo

738 3010 924 3077 cunctationis,
942 3029 1021 3087 quum
1032 3019 1131 3068 metum
1148 3013 1189 3088 pi-

737 3095 1189 3174 grih‘amquehominesadulescen·

738 3195 780 3242 tes
802 3204 868 3241 sane
892 3184 1039 3262 appellant,
1068 3185 1130 3241 dnm
1155 3205 1190 3240 ns

738 3273 874 3350 paeniteat
890 3271 978 3326 adhuc
1000 3271 1112 3328 aliorum
1129 3291 1189 3345 spe·

740 3359 855 3414 ciosiora
873 3359 962 3435 primo
980 3366 1089 3432 aspectu
1102 3355 1190 3412 oonsi-

740 3442 776 3499 lia
793 3463 900 3521 semper·
914 3445 980 3512 visu,
998 3463 1056 3500 rusa
1068 3462 1118 3500 usu
1135 3461 1190 3500 rus·

687 3562 691 3570 ·
739 3528 808 3587 liora
815 3536 846 3588 “r
865 3539 916 3588 cet.

696 3619 723 3676 8.
741 3637 795 3675 nec
815 3637 863 3674 me
884 3625 988 3674 contra
1004 3623 1064 3677 tt.
1087 3637 1190 3678 conso·

740 3705 815 3762 lem.-
832 3703 864 3770 P.
882 3731 916 3748 ·-
941 3702 982 3761 h:
1002 3723 1051 3764 neo
1068 3726 1112 3764 ms
1129 3727 1191 3765 con·

741 3801 782 3849 trs
800 3812 825 3852 a.
843 3811 888 3851 oo.
905 3791 1049 3852 consulem.
1072 3823 1107 3836 -
1128 3793 1191 3851 PM:

743 3887 772 3934 te
789 3898 853 3960 nero
871 3901 895 3940 a.
908 3879 995 3938 chndi
1007 3880 1144 3940 adhortor.
1157 3913 1191 3924 -

742 3959 808 4023 Ph:
826 3977 857 4024 ut
867 3975 895 4024 et
905 3969 1111 4048 ipsspopuluur.
1123 3987 1146 4028 r.
1158 3997 1192 4010 -

744 4052 783 4112 l’s
801 4073 837 4113 oc
852 4053 971 4114 licentia.
