2832 4720
226 279 291 347 161
438 273 458 306 ¹
687 289 796 348 LIBER
819 287 864 350 lll.

224 455 313 523 vium
333 454 365 519 in
388 453 518 520 exilium
539 451 624 520 abiit.
661 451 810 538 Quintius
832 459 924 520 sexto
947 451 1072 519 decimo
1099 449 1151 520 die
1173 451 1344 521 dictatura

224 561 259 626 in
286 581 345 626 sex
372 580 499 624 menses
529 566 659 646 accepta
684 577 720 622 se
750 555 917 625 abdicavit.
953 579 1011 646 per
1039 577 1096 622 eos
1123 555 1191 622 dies
1216 559 1345 625 consul

224 663 361 730 Nautius
385 663 425 730 ad
446 661 579 728 Eretum
602 683 676 728 cum
697 659 822 726 Sabinis
846 660 970 751 egregie
990 671 1121 752 pugnat
1158 661 1199 727 ad
1228 673 1342 730 vasta-

203 780 276 836 'tos
300 791 392 860 agros
419 789 458 834 ea
480 787 610 856 quoque
638 763 746 831 clades
775 764 909 832 accessit
930 763 1065 833 Sabinis.
1104 764 1250 834 Minucio
1275 767 1341 834 Pa-

187 873 294 944 obius
317 873 454 960 Quintus
482 892 648 938 successor
674 869 707 935 in
729 868 878 960 Algidum
905 869 1032 938 missus.
1071 879 1217 937 extremo
1244 885 1363 939 anno'

223 978 375 1069 agitatum
398 977 437 1042 de
465 975 536 1066 lege
565 975 604 1041 ab
632 973 765 1041 tribunis
792 985 855 1058 est,
887 975 945 1042 sed
973 975 1047 1066 quia
1074 975 1138 1042 duo
1166 976 1336 1043 exercitus

224 1083 368 1165 aberant,
396 1105 438 1148 ne
461 1079 537 1172 quid
559 1078 693 1146 ferretur
715 1079 755 1144 ad
776 1077 933 1168 poprdum
954 1090 1061 1169 patres
1082 1089 1226 1148 tenuere.
1264 1080 1336 1170 ple-

223 1187 280 1256 bes
302 1186 377 1253 vieit
405 1195 442 1251 nt
471 1184 617 1274 quintum
645 1183 776 1251 eosdem
803 1181 947 1251 tribunos
976 1193 1129 1252 crearent.
1165 1183 1264 1274 lupos
1290 1185 1334 1252 vi·

223 1313 278 1356 sos
299 1289 333 1355 in
348 1287 506 1378 Capitolio
530 1287 637 1354 lerunt
658 1313 676 1354 a
700 1287 831 1354 canibus
852 1287 994 1378 fugatos=
1028 1289 1070 1355 ob
1093 1288 1126 1355 id
1147 1287 1334 1379 prodigium

176 1392 390 1462 10lustratnm
413 1389 606 1482 Capitolium
629 1415 709 1461 esse.
746 1391 827 1458 haee
849 1415 889 1460 eo
912 1416 996 1460 anno
1019 1403 1118 1483 gesta.

190 1495 202 1532 s
310 1495 416 1563 XXX.
461 1495 619 1564 Secuntur
647 1495 796 1563 consules
824 1495 960 1583 Quintus
983 1495 1136 1564 Minutius
1164 1495 1202 1565 C.
1226 1495 1330 1566 Hora·

221 1601 284 1672 tius
298 1601 463 1669 Pulvillus.
486 1601 576 1668 cuius
596 1600 685 1667 initio
709 1601 782 1666 anni
803 1624 879 1668 eum
899 1601 976 1670 foris
999 1601 1101 1670 otium
1122 1612 1216 1685 esset,
1238 1602 1331 1670 domi

222 1705 393 1774 seditiones
413 1705 498 1773 idem
520 1704 636 1773 tribuni
657 1705 771 1773 eadem
791 1704 847 1773 lex
867 1706 1018 1775 iaciebat:
1039 1705 1237 1796 ulteriusque
1252 1729 1328 1774 ven-

221 1821 293 1880 tum
326 1812 410 1878 foret
431 1849 475 1862 -
503 1811 583 1878 adeo
612 1819 795 1877 exarserant
821 1809 934 1878 animis
961 1849 1005 1862 -
1031 1812 1064 1880 ni
1096 1810 1186 1878 velut
1218 1810 1326 1878 dedita

175 1926 320 2006 15·0pera
341 1924 499 1981 nocturno
521 1913 643 2003 impetu
664 1913 852 2004 Aequorum
873 1913 1033 1985 Corbione
1062 1915 1214 1982 amissum
1235 1939 1325 2006 prae-

221 2019 337 2086 sidium
358 2017 537 2084 nuntiatum
558 2027 653 2084 esset.
681 2029 829 2084 senatum
851 2020 999 2088 consules
1020 2029 1148 2088 vocant.
1176 2019 1323 2088 iubentur

220 2121 406 2190 subitarium
439 2121 576 2188 scribere
611 2123 786 2188 exercitum
818 2132 914 2212 atque
947 2123 981 2218 in
1012 2124 1162 2215 Algidum
1196 2124 1320 2191 ducere.

219 2225 293 2291 inde
314 2225 420 2316 posito
443 2224 521 2314 legis
544 2224 715 2292 certamine
737 2249 822 2294 nova
845 2227 884 2293 de
912 2227 1030 2296 dilectu
1058 2228 1220 2296 contentio
1243 2239 1319 2313 orta,

220 2329 467 2424 vincebaturque
496 2326 663 2402 consulare
690 2329 859 2421 imperium
885 2330 1052 2402 tribunicio
1081 2332 1214 2416 auxilio,
1246 2357 1317 2406 curn

210 2632 215 2642 ῃ
279 2569 327 2636 pta
372 2561 590 2638 praepositione,
638 2557 734 2620 Livius
821 2567 849 2624 7.
864 2565 967 2644 plebes
981 2564 1253 2642 uicr'tutquintum:
1266 2561 1315 2622 ΡΜ

280 2667 335 2703 nou
360 2667 473 2726 prorsus
496 2646 595 2724 fugisse
618 2647 732 2709 videtur.
865 2650 940 2712 Harl.
957 2671 975 2711 1.
1071 2672 1079 2694 ‘

280 2737 321 2791 sio
339 2735 447 2812 quidem
466 2756 506 2794 ex.
525 2754 564 2816 gr.
582 2739 626 2804 3⁰,
639 2739 682 2794 15.
700 2756 734 2792 ex
805 2742 850 2800 11.
867 2747 1007 2797 secuntur
1023 2737 1158 2797 0013an
1176 2759 1212 2798 m.
1230 2741 1254 2799 1.
1268 2737 1312 2812 Μ]

280 2821 341 2880 Put.
360 2820 439 2883 colb.
455 2821 531 2902 Lips.
549 2822 733 2902 recipiendum
864 2836 1013 2903 sequnntur
1030 2825 1068 2895 (P
1084 2845 1120 2884 m.
1138 2827 1189 2895 1.).

279 2919 349 2965 erat:
369 2913 446 2978 „iam
463 2909 536 2969 nulla
549 2908 600 2966 alia
618 2928 732 2966 roseam
811 2945 847 2960 ·-
865 2911 1310 2988 &Horatiunsigoniusexliio-

189 3047 195 3056 ,
279 2993 353 3060 (scil.
380 3000 491 3066 navem)
514 3016 594 3072 qnam
621 2998 732 3074 propin·
865 3015 925 3074 nys.
945 3001 987 3066 10,
1006 3001 1050 3058 16.
1067 3009 1094 3056 et
1111 3001 1166 3060 tab.
1180 2999 1310 3079 Capit.-

279 3081 367 3155 quitas
392 3088 478 3136 terrae
500 3079 731 3157 multitudoquea
861 3085 925 3142 PM:
960 3089 1069 3162 quintus
1099 3090 1230 3146 minucius
1258 3088 1308 3158 (1³2

278 3167 374 3224 castris
392 3165 463 3223 litua
486 3165 570 3224 all'usa
591 3169 661 3224 tueri
681 3187 730 3244 po·
863 3173 1009 3242 minutius)
1026 3183 1063 3232 ῇῖ.
1081 3173 1201 3232 horatius
1218 3174 1307 3254 puluil-

277 3254 406 3313 tuisset“.
430 3251 464 3313 nl.
837 3256 912 3318 'lus
927 3289 966 3334 .-
986 3259 1020 3317 l’:
1038 3263 1128 3319 ocium
1145 3273 1222 3323 esset.

232 3341 258 3400 1.
273 3342 485 3416 persuadite:
504 3337 561 3400 PM.
573 3370 609 3385 -·
624 3339 697 3417 H'll·
711 3361 729 3402 r.
801 3347 843 3406 13.
861 3347 941 3403 idem
952 3349 1077 3408 tribuni:
1089 3349 1159 3424 ΡΜ]
1173 3351 1251 3408 iidem
1261 3353 1305 3408 tri·

165 3493 172 3504 ‚
274 3426 352 3488 Leid.
369 3449 399 3490 r.:
416 3437 537 3510 praeter
554 3448 600 3486 eos
613 3428 730 3489 diess-
860 3433 935 3493 bani.
1037 3441 1045 3456 ¹

275 3513 314 3572 lll:
332 3517 446 3574 Nautius
464 3516 499 3573 ad
509 3516 628 3589 fretum.
798 3521 841 3580 11.
860 3523 1247 3582 adeoexarserantonimis:
1259 3522 1303 3579 ΡΜ

231 3601 258 3658 d.
275 3601 388 3658 Fabius
420 3603 562 3678 Quintus:
596 3603 671 3664 Harl.
698 3625 727 3663 rr.
859 3607 1300 3670 Harl.1.Leid.r.-Alii:arrbni.

275 3684 388 3745 llaverc.
398 3721 432 3731 —
449 3689 472 3745 Ρ
487 3689 561 3748 Harl.
575 3711 593 3750 r.
607 3691 683 3752 [reid.
694 3712 726 3751 1.:
860 3696 894 3756 el.
917 3699 949 3766 1,
968 3701 1027 3756 bd:
1052 3703 1154 3752 tantum
1177 3704 1300 3754 conamen

256 3763 360 3828 ”fabius
367 3777 544 3852 quintiusllls
554 3778 641 3839 fabius
649 3782 726 3858 quin·
860 3781 969 3840 adimis
987 3781 1145 3841 inbiberant.
1159 3812 1193 3825 ·-
1204 3781 1239 3840 P:
1255 3784 1298 3842 iur-

275 3860 725 3942 etiusl.-AliideleveruntQuin-
857 3880 921 3948 potu
935 3887 1076 3944 equorum.
1094 3897 1130 3911 -
1151 3868 1212 3927 Plll:
1231 3891 1297 3928 sena·

273 3945 724 4013 tus.-P:u1ununio.—Pm.l.:
857 3965 913 4014 tum
931 3960 1000 4011 obss.
1018 3953 1073 4022 (Pz
1092 3959 1167 4025 obs.)
1187 3969 1281 4016 nocant

273 4035 368 4096 misus.
394 4069 429 4078 -
459 4035 481 4093 P
501 4057 537 4096 m.
556 4041 594 4097 1.:
613 4041 656 4098 ad
677 4042 723 4096 tri·
795 4045 839 4102 18.
858 4043 896 4102 de
914 4041 1041 4100 dilectu.-
1059 4041 1128 4115 ΡΜ]
1147 4043 1182 4102 de
1196 4044 1294 4102 delectu.

272 4121 360 4182 bunis.
378 4123 401 4182 P
417 4143 452 4184 m.
471 4125 496 4184 1.
514 4123 553 4184 lla
571 4129 617 4186 ab.
796 4134 838 4190 19.
857 4148 923 4188 cum
938 4131 1020 4192 aliua
1038 4132 1178 4190 additare
1194 4129 1255 4190 Ρι.
1271 4132 1293 4190 1.
