2832 4720
224 265 309 367 ele
573 315 577 336 .
678 273 847 340 neurus

225 441 387 510 dictitabat
407 441 632 512 seeonsulnm
653 441 781 511 nouitio
800 465 867 510 non
893 440 1087 508 habiturum:
1119 462 1188 508 non
1211 441 1262 510 ita
1292 441 1342 510 ei-

224 546 355 616 vitatem
375 570 502 637 aegram
520 556 650 614 esseut
671 546 830 616 consuetis
858 545 1003 615 remediis
1025 544 1093 614 sisti
1120 557 1247 634 posset:
1287 548 1340 614 di-

225 661 345 718 etatore
366 673 447 741 opus
470 674 539 721 esse
560 649 790 742 reipublicae,
817 650 929 740 utqui
949 671 986 717 ee
1011 649 1148 717 moverit
1171 651 1212 718 nd
1234 649 1338 719 solli-
1411 683 1412 734 ι

223 754 384 822 citandum
404 767 521 827 statum
542 755 690 839 civitatis,
714 754 830 824 sentiat
849 755 916 826 siue
929 753 1164 844 prouocatione
1185 753 1336 824 dietata:-
1411 751 1412 758 ’

193 875 394 930 semesae.
1392 944 1395 958 .

166 959 169 971 ¹
309 963 397 1034 XXI
441 963 605 1034 Senatus
596 989 629 1032 ur
650 893 826 1056 Capitolio
830 974 907 1032 erat
943 985 984 1030 eo
1013 961 1130 1030 tribuni
1148 987 1227 1030 earm
1248 989 1334 1055 per·

212 1069 348 1138 turbato
369 1069 464 1161 plebe
485 1070 640 1140 veniunt
638 1069 818 1136 multitudo
839 1066 1007 1135 elamore
997 1067 1117 1158 ingenti
1136 1090 1223 1134 name
1245 1091 1333 1136 eon-

221 1174 329 1240 sulum
350 1195 435 1242 nunc
455 1187 582 1264 patrum
603 1175 700 1244 fidem
721 1173 888 1264 inplorant,
908 1195 970 1240 nee
992 1181 1065 1240 ante
1085 1182 1256 1240 moverunt
1278 1171 1330 1239 de

64 1267 67 1284 ¹
105 1280 107 1288 ’
221 1278 381 1358 sententio-
397 1277 562 1346 consulem
590 1303 688 1370 quam
713 1278 891 1348 tribuniae
918 1275 953 1342 iu
978 1274 1164 1344 auctoritem
1177 1285 1328 1365 ¹patrum

43 1445 48 1452 .
175 1380 344 1451 rofuuros
367 1404 437 1450 esse
457 1382 589 1473 polliciti
609 1395 694 1452 suut.
729 1394 806 1451 tune
826 1380 983 1450 referente
1005 1378 1137 1448 consule
1159 1379 1200 1446 de
1220 1378 1327 1446 tribu·

220 1508 336 1552 norum
358 1495 390 1552 et
410 1486 514 1576 plebis
533 1488 701 1579 postulatis
723 1495 852 1558 serratus
866 1483 1011 1554 consults
1027 1483 1116 1568 firmi,
1137 1506 1244 1574 neque
1265 1483 1326 1550 tri·

102 1611 106 1614 ·
219 1589 297 1656 buni
318 1590 424 1682 legem
445 1614 485 1658 eo
508 1615 597 1661 anno
613 1594 732 1662 ferrent
757 1613 864 1681 neque
893 1587 1040 1660 eonsules
1065 1589 1106 1656 ab
1127 1587 1207 1654 urbe
1230 1611 1331 1655 exer-
1411 1653 1412 1690 p

125 1735 128 1750 ·
219 1692 319 1760 eitum
340 1695 525 1764 educerent:
557 1697 589 1764 in
611 1698 769 1788 reliquum
789 1695 988 1786 magistratus
1010 1691 1184 1762 continuari
1205 1700 1240 1758 et
1260 1713 1324 1758 eos

220 1797 365 1868 tribunos
391 1799 479 1867 refici
499 1800 637 1869 iudicare
659 1813 805 1869 senatum
826 1811 936 1868 eontra
956 1821 1027 1868 rem
1047 1795 1208 1888 publicam
1235 1818 1321 1864 esse.
1410 1847 1412 1890 ι

174 1917 207 1972 15
220 1903 367 2002 consules
395 1905 484 1971 fuere
506 1903 693 1995 iupatrum
719 1915 893 1995 potestate:
928 1901 1047 1970 tribuni
1074 1897 1321 1968 reclamaremus
1354 1930 1357 1935 ·
1411 1899 1412 1908 ’

222 2006 406 2075 consulibus
440 2007 560 2076 reiecti.
603 2019 710 2099 patres
743 2031 874 2098 quoque
906 2045 951 2060 -
982 2031 1024 2076 ne
1056 2005 1133 2098 quid
1167 2003 1321 2072 cederent

217 2108 305 2200 plebi
332 2149 376 2162 —
406 2121 439 2180 et
464 2111 526 2200 ipsi
549 2110 685 2180 Lucium
713 2111 897 2199 Quinctium
925 2110 1091 2180 consrrlem
1123 2107 1317 2188 reficiebant.

48 2237 50 2249 ·
109 2237 115 2270 r
218 2213 304 2280 nulla
333 2224 403 2282 toto
431 2237 514 2282 anno
542 2215 762 2284 vehementior
789 2215 871 2284 aetio
900 2209 1039 2282 consulis
1066 2213 1135 2282 iuit.
1173 2213 1320 2298 „mirer“
1411 2241 1412 2268 ι

219 2315 321 2405 inquit
341 2318 393 2401 „si
415 2343 497 2386 vana
518 2331 640 2404 vestra,
667 2333 773 2413 patres
795 2319 974 2411 conscripti,
998 2317 1166 2386 auctoritas
1188 2319 1230 2384 ad
1251 2318 1317 2410 ple-

171 2419 292 2490 tobem
314 2421 383 2491 est?
404 2447 463 2494 vos
487 2424 616 2494 elevatis
640 2449 721 2496 eam.
744 2425 863 2520 quippe
886 2424 959 2528 quia
981 2423 1074 2520 plebs
1095 2435 1224 2512 senatus
1241 2447 1315 2492 eon·
1411 2439 1412 2480 t

862 2654 924 2713 dem
942 2656 990 2732 qui
1006 2655 1162 2729 magistratu
1175 2650 1316 2728 fungerer·
1411 2629 1412 2646 ³

861 2752 907 2799 tur
928 2741 1030 2798 tribuni
1047 2743 1077 2797 in
1098 2741 1252 2817 prozimum
1268 2759 1316 2796 en·

235 2652 261 2710 2.
279 2653 728 2730 etnipomrsttlatrettcottl

277 2738 338 2794 sisti
361 2743 448 2818 possit
472 2732 536 2814 (edi
556 2739 665 2812 Frolnl.
694 2773 729 2785 -

268 2822 317 2910 ill:
334 2828 535 2888 solicitaudum.
594 2875 596 2879 ,

217 2912 259 2968 11.
276 2932 316 2969 sc.
328 2915 423 2987 flunt,
447 2936 542 2992 neque
562 2917 673 2982 tribuni
688 2915 728 2971 le·

275 3016 344 3074 gem
362 3020 396 3054 eo
409 3017 488 3056 anno
499 2999 623 3070 ferrent
633 3021 729 3076 neque

278 3085 431 3139 consules:
467 3083 516 3140 PM
551 3084 612 3142 eod.
640 3083 736 3143 Rhem-

862 2915 919 2970 nati
936 2922 1000 2970 runt
1020 2912 1055 2986 Q.
1076 2910 1194 2968 lllinueio
1213 2911 1246 2971 G.
1257 2910 1315 2968 Ilo·

861 3001 929 3056 ratio
966 3018 1040 3056 eone.
1069 2998 1206 3056 tricesimo
1236 3009 1316 3056 sexto
1364 3033 1367 3038 ,

836 3138 839 3144 ,
859 3104 930 3140 anno
948 3107 964 3140 a
979 3087 1074 3160 primis
1088 3085 1204 3140 tribunis
1215 3085 1316 3162 plebis.

860 2848 925 2886 num
933 2827 1115 2892 reficerentur,
1133 2827 1257 2882 evineere
1269 2845 1316 2880 eo·
1373 2858 1377 2870 »
1411 2879 1412 2892 p

276 3165 350 3226 llari.
358 3187 374 3229 r.
388 3201 421 3210 ·-
434 3169 502 3228 Alii:
521 3179 651 3238 ‚menatae
664 3185 726 3225 eon·

276 3255 346 3312 salta
363 3255 432 3314 liunt
449 3265 478 3314 ut
495 3259 603 3334 neqne“
616 3266 667 3316 eet.
684 3254 727 3314 rel

275 3343 568 3410 „senatusconsultum
584 3343 618 3401 fit
633 3353 664 3401 ut
680 3363 727 3400 ne·

275 3431 340 3506 que‘
342 3436 465 3490 ‘cet-
483 3432 550 3488 M:‘
517 3451 570 3488 ·1u
587 3430 709 3508 reliqum.

215 3515 256 3573 13.
274 3525 304 3570 et
320 3519 622 3596 contribunorrefici:
641 3517 727 3576 Pllet

275 3599 333 3659 rell.
351 3604 430 3662 codri.
439 3607 451 3677 ]
470 3615 497 3662 et
514 3605 624 3665 eosdem
641 3605 725 3662 tribn-

273 3705 324 3743 nos
351 3685 425 3746 reiiei
452 3693 532 3759 (edit.
556 3692 662 3762 Fron).
689 3720 726 3736 -

273 3771 337 3829 Non
354 3775 474 3833 eoadem
492 3776 559 3836 dicit
569 3779 663 3836 [rivius
674 3777 724 3836 rat

273 3859 401 3933 singulari
420 3863 534 3938 quadem
551 3868 579 3921 vi
603 3887 656 3924 eoa
672 3868 724 3923 tri·

274 3948 368 4027 bunne
387 3948 482 4022 refici,
501 3953 548 4025 qui
565 3963 621 4010 tres
638 3956 724 4010 eonti-

272 4053 341 4090 nuos
358 4054 443 4092 anuos
461 4037 652 4115 rempublicam
669 4051 723 4098 tur·
780 4048 783 4068 ¹

274 4120 363 4178 barint
380 4132 460 4200 atque
477 4127 607 4187 vexarint
636 4148 671 4184 ne
692 4129 723 4185 ii·-

858 3173 885 3238 3,
899 3172 943 3229 29.
960 3191 1025 3229 vero
1043 3171 1229 3248 similibusque
1243 3171 1317 3231 loeis

858 3256 977 3315 dubitari
993 3279 1048 3316 non
1059 3267 1150 3338 potent
1161 3261 1226 3337 quin
1240 3273 1316 3318 reete

858 3347 989 3424 seriptum
1006 3349 1056 3404 sit:
1074 3346 1189 3426 „plebes
1198 3348 1266 3406 vicit
1282 3358 1314 3405 ut

858 3434 981 3508 quintum
990 3435 1111 3494 eosdem
1119 3436 1243 3494 tribunos
1254 3456 1313 3492 ere·
1328 3502 1329 3508 p

809 3537 813 3546 “
858 3528 967 3583 arent“.
984 3552 1019 3566 -
1037 3522 1098 3581 Pet:
1117 3533 1208 3580 rontm
1226 3529 1312 3602 remp.

857 3628 925 3670 erae.
938 3641 970 3656 -
990 3608 1025 3667 P:
1043 3609 1142 3667 lucium
1153 3609 1310 3685 quinetiam.

856 3691 1309 3772 -Plliranetoritasadplebeme

795 3783 964 3861 20.·quippe
990 3783 1062 3856 quin
1082 3781 1175 3855 plebe.
1203 3809 1239 3826 -
1268 3779 1309 3838 M:

796 3893 798 3902 ‘
857 3869 989 3945 „quim
1015 3868 1085 3943 puio
1111 3868 1252 3942 plebea.
1269 3887 1308 3928 m.

855 3973 881 4011 c.
893 3955 924 4009 in
932 3953 1142 4010 continuandis
1151 3957 1306 4035 magistra·

854 4041 934 4098 tr'bus
952 4041 1052 4100 soluit.
1073 4039 1111 4102 P:
1127 4044 1227 4120 quippe
1244 4044 1306 4119 quia

855 4125 999 4204 plateam
1018 4138 1043 4190 o.
1066 4130 1098 4187 in
1119 4129 1305 4204 continuandis
