2756 4720
517 299 689 366 aaran.
1090 261 1156 356 169

22 453 216 537 tollendos
239 491 325 551 esse,
349 468 411 557 ¹qui
439 464 523 556 pulsi
545 466 701 532 maiorum
723 463 796 532 loco
825 475 1054 556 cernentesque
1076 464 1155 531 alios

26 575 72 639 in
102 575 316 664 possessione
339 569 495 662 dignitatis
517 593 595 637 suae
611 569 679 636 salii
695 569 901 658 flaminesque
918 592 1075 658 nusquam
1092 568 1153 636 alio

30 701 149 768 quam
177 679 218 744 ad
240 674 479 746 sacrificandum
501 698 560 765 pro
583 674 705 766 populo
728 674 795 740 sine
811 672 949 764 imperiis
963 687 1003 740 'ac
1017 683 1154 762 potesta·
1235 695 1238 712 ·

30 782 133 849 tibus
157 782 386 872 relinquantur.
425 778 555 846 inritatis
576 778 741 868 utriusque
763 779 859 869 partis
887 774 999 844 animis
1025 800 1100 845 cum
1122 789 1155 844 et

32 887 182 976 spiritus
205 887 297 977 plebs
319 885 506 978 sumpsisset
528 895 566 952 et
582 894 647 950 tres
669 883 709 950 ad
739 882 928 973 popularem
955 878 1084 950 causam
1106 896 1190 950 ces

33 989 213 1056 leberr'imi
240 990 376 1058 nonrinis
392 989 536 1080 'haberet
565 990 678 1070 duces,
704 998 811 1078 patres
838 988 944 1054 omnia
967 985 1154 1078 quaestoriis

36 1094 189 1162 comitiis
211 1093 267 1161 ubi
294 1096 464 1186 unumque
493 1092 579 1186 plebi
606 1093 717 1160 liceret
749 1091 861 1158 similia
889 1092 958 1160 fore
988 1101 1154 1194 cemeotes

11 1175 15 1204 ’
36 1198 183 1266 tendere
207 1198 247 1265 ad
270 1199 439 1268 consulum
461 1199 545 1267 comi
545 1199 604 1284 tia,
631 1221 714 1288 quae
722 1196 879 1264 nondum
905 1197 1087 1287 promiscua
1108 1217 1155 1263 es·
1207 1243 1211 1251 ·

38 1314 137 1390 sent:
167 1303 245 1370 Icilii
267 1315 377 1371 contm
398 1304 541 1371 tribunos
570 1303 707 1370 militum
728 1301 882 1370 creandos
908 1300 1013 1369 dicere
1035 1311 1068 1368 et
1089 1310 1154 1366 tan-

41 1387 125 1473 dem
149 1406 322 1504 aliquando
344 1408 562 1498 inpertiendos
581 1408 668 1500 plebi
689 1409 839 1475 honores.
1169 1415 1203 1470 10

140 1509 211 1580 LV.
256 1512 323 1579 Sed
343 1513 432 1579 nulla
454 1524 522 1580 erat
544 1512 718 1580 consularis
740 1511 822 1578 aetio
845 1534 943 1600 quarn
964 1509 1154 1601 inpediendo

42 1616 79 1680 id
104 1617 197 1704 quod
219 1616 371 1710 petebant
393 1616 622 1706 exprimerent,
647 1640 722 1683 cum
743 1615 821 1681 mira
844 1615 1057 1703 oportunitate
1079 1612 1155 1680 Vol-

44 1743 125 1788 scos
147 1731 182 1786 et
203 1721 334 1810 Aequos
357 1720 548 1810 praedatum
567 1730 657 1787 extra
678 1719 758 1787 fines
780 1718 889 1786 exisse
910 1716 943 1782 in
966 1739 1076 1806 agrurn
1097 1713 1155 1780 La·

44 1825 154 1892 tinum
170 1823 410 1913 Hernicumque
432 1823 582 1890 adfertur.
622 1825 663 1891 ad
686 1825 774 1919 quod
790 1819 911 1890 bellum
926 1821 982 1888 ubi
1004 1845 1046 1888 ex
1067 1843 1155 1887 sena-

46 1941 109 1996 tus
132 1928 281 1998 consulto
316 1927 463 1995 consides
492 1927 644 2000 dilectum
673 1929 792 1997 habere
820 1927 994 2018 occipiunt,
1029 1925 1154 1993 obstare
1168 1934 1203 1990 1⁵

47 2046 129 2100 tunc
152 2033 255 2103 enixe
268 2031 385 2099 tribuni
407 2031 467 2100 sibi
481 2032 633 2124 plebique
656 2059 729 2103 eam
750 2034 911 2101 fortunam
927 2031 1069 2100 oblatam
1090 2053 1154 2096 me

50 2149 226 2206 morantes
264 2147 328 2204 tres
357 2149 446 2205 erant
475 2148 509 2206 et
536 2161 649 2206 omnes
684 2139 827 2208 acerrimi
853 2137 912 2206 viri
945 2133 1155 2227 generosique

51 2244 117 2310 iam
145 2255 183 2310 ut
208 2243 297 2322 inter·
317 2241 472 2334 plebeios.
511 2242 575 2311 duo
603 2241 717 2338 singuli
742 2225 892 2332 'singulos
920 2242 979 2309 sibi
1007 2238 1181 2308 consules

54 2348 269 2418 adservandos
292 2345 423 2413 adsidua
445 2370 543 2438 opera
565 2347 750 2432 desumunt,
778 2347 833 2416 uni
860 2345 1060 2420 contionibus
1083 2344 1155 2413 data

54 2473 141 2522 nunc
163 2449 331 2518 detinenda
353 2473 438 2516 nunc
460 2451 635 2520 concienda
650 2450 758 2542 plebs..
788 2475 854 2520 nec
871 2450 1022 2517 dilectum
1044 2456 1205 2516 consu-tu

57 2555 105 2624 les
129 2543 192 2627 ¹nec
221 2553 349 2626 comitia
377 2577 459 2648 quae
487 2555 643 2648 petebant
667 2554 783 2627 tribuni
813 2553 1034 2646 expediebant.
1071 2549 1156 2620 incli-

77 2769 111 2826 7..
123 2766 172 2823 usi
188 2774 344 2844 utrumque
361 2766 443 2842 plebi
457 2767 575 2824 liberet:

59 2909 67 2924 ,
119 2851 175 2932 ΡΜ.
193 2851 251 2912 scil.
265 2853 422 2911 intriberis
439 2853 577 2913 consulari

117 2949 249 3020 potestate
266 2941 399 3002 creandis.

79 3030 104 3087 9.
121 3029 200 3086 Icilii
218 3039 322 3086 conam
345 3031 481 3088 tribunos
497 3029 578 3086 mili*

704 2767 754 2824 sed
771 2787 827 2824 eoa
840 2773 1000 2843 expunctum
1011 2773 1061 2820 est.
1072 2793 1106 2804 ·-
1116 2759 1156 2818 ut:
1256 2805 1263 2822 .

705 2863 802 2914 estare.
825 2873 860 2912 ιιι.
878 2855 916 2912 2:
936 2851 1051 2909 obstare.

645 2944 689 3000 17.
697 2944 895 3021 generosique
904 2942 963 2997 iem
972 2948 1004 2997 ui
1012 2941 1089 2996 inter
1093 2937 1157 3016 ple·

705 3030 802 3087 boias:
820 3027 877 3089 ΡΜ.

75 3135 79 3140 ·
122 3106 590 3196 tremerecmdaadiceres1⁴r‘ldus.x
644 3119 686 3176 18.
705 3117 766 3174 due
784 3115 1052 3196 singuiieingulea
1065 3145 1099 3158 --
1115 3109 1166 3167 ll:'
1214 3091 1218 3096 Ι

123 3229 155 3245 ·-
178 3199 227 3259 ΡΜ
249 3201 324 3263 Harl.
346 3223 364 3260 a
386 3202 463 3264 Leid.
480 3223 499 3264 r.
524 3203 573 3265 ala

125 3287 267 3357 „dicerent
284 3299 311 3344 et
328 3290 467 3348 tandem“.

68 3377 109 3434 10.
125 3374 320 3449 inpertiendos
336 3377 417 3451 plebi
429 3375 573 3436 hanone.-

124 3460 170 3520 ΡΜ
192 3459 269 3521 Leid.
286 3480 305 3522 1.
332 3489 366 3503 -
392 3461 465 3519 aliia.
484 3464 573 3540 inpas-

125 3548 237 3608 tiendus.

70 3639 110 3695 li.
127 3638 335 3712 oportunitate.-
356 3635 398 3711 P}
416 3639 573 3715 opportuni·

126 3733 179 3780 tate
195 3723 261 3796 (Μ).

73 3813 113 3870 lt
127 3809 167 3866 ed
184 3813 267 3886 qued
277 3813 386 3869 delium
404 3814 459 3872 adi
471 3831 519 3871 ee.
532 3819 575 3871 ai.

127 3910 201 3955 eone.
219 3899 359 3957 dilectum
374 3899 483 3958 haam
501 3899 574 3956 oeci·

126 3986 218 4060 pinni:
240 3984 276 4044 Μ.
298 4015 333 4030 -
359 3987 395 4045 Pi
422 3987 480 4056 „ad
500 3986 574 4064 qued

128 4071 221 4128 bellura
239 4073 286 4129 abi
302 4093 344 4135 er.
362 4095 385 4133 s.
402 4082 427 4134 t.
441 4081 516 4134 eoas.
534 4073 575 4132 di·

132 4158 225 4220 leetunr
242 4159 341 4221 habere
351 4163 575 4241 conscupirnr‘.

704 3201 1156 3278 duoseiagulleiugulossibicdss.
1215 3263 1221 3276 .
1255 3201 1261 3215 “’

705 3290 888 3348 adseruandos
898 3289 1010 3346 adsidua
1018 3298 1099 3363 opera
1111 3283 1156 3339 de·

664 3405 667 3412 ⁴
706 3387 823 3434 sumunt.
845 3375 882 3434 Ρι
901 3375 968 3432 duos
986 3371 1124 3452 singuli'
1101 3391 1158 3427 sm-

663 3470 666 3478 '
705 3462 774 3540 gulis
791 3462 845 3518 sibl
862 3471 950 3522 eolles.
969 3471 1071 3520 eet.-
1092 3449 1158 3516 ΡΜ

706 3548 885 3608 contionibus.
897 3548 986 3606 -Μι
1005 3568 1080 3605 nunc·
1093 3567 1155 3603 corr·

695 3630 796 3694 'tienda
814 3635 899 3714 plebs.
925 3634 991 3692 ῙιιΡ
1009 3655 1068 3692 eum
1087 3636 1157 3691 exei-

704 3723 808 3782 dissent
825 3743 920 3792 „nune
932 3723 1076 3781 concienda
1084 3727 1109 3792 “‚
1122 3741 1157 3780 m.
1184 3739 1191 3748 ⁸
1248 3705 1251 3712 Δ

706 3815 733 3870 Ρ.
749 3815 778 3869 in
797 3813 919 3886 margine
933 3812 1034 3868 adiecta
1053 3819 1124 3867 sunt.

644 3903 689 3958 20.
707 3918 760 3956 nes
778 3899 918 3958 dilectam
935 3899 1074 3958 consules
1091 3917 1159 3956 nee:

708 3986 766 4044 ΡΜ.

645 4075 689 4133 91.
708 4073 1161 4145 inclinante-deindeecfertuno

705 4161 751 4220 ad
757 4179 879 4220 caueam
886 4162 997 4235 piebis:
1007 4159 1055 4218 ΡΜ
1062 4158 1135 4219 llarl.
1141 4178 1158 4218 ι.

1219 4235 1228 4276 i
