2832 4720
528 293 699 386 nonum.
942 401 944 408 Ι
1108 307 1173 432 aar

62 489 103 556 in
128 477 200 560 aeia
221 465 320 576 stare,
346 513 409 560 neo
430 489 529 560 alium
549 487 653 556 virrun
674 509 745 554 esse
767 485 857 554 cuius
884 497 1012 554 stream
1033 509 1073 555 ae
1093 485 1174 555 iere

65 595 156 662 citer
178 596 261 664 lacta
282 597 314 664 in
336 595 424 664 bello
445 595 537 684 plura
558 591 728 678 memorari
747 601 896 688 possent:
917 629 962 644 -
983 591 1060 680 quid
1080 593 1174 682 prod·

64 721 163 784 esse,
189 702 217 768 si
238 701 390 769 ineolruni
410 699 490 767 urbe
503 709 596 788 'quae
617 706 710 788 capta
736 695 848 764 ultima
875 694 1045 764 timeantur
1067 695 1175 762 liberis

64 804 139 874 suis
164 808 227 874 sint
253 805 421 896 patienda?
457 802 537 872 haec
563 826 665 894 prope
686 798 961 868 contionabundus
990 798 1175 868 circumibat

63 904 234 976 homines.
254 909 367 978 similia
387 908 438 976 his
460 908 500 978 ab
521 907 609 977 Icilio
629 905 834 974 laetabantur.
871 903 1041 974 comitatus
1066 904 1175 972 mulie·
1192 925 1211 982 5

65 1010 138 1078 bris
173 1012 248 1104 plus
274 1013 372 1084 taeito
399 1014 477 1092 lietu
505 1035 603 1104 quarn
633 1009 700 1078 ulla
716 1009 793 1078 'vox
818 1010 981 1078 movebat.
1024 1010 1176 1078 adversus

66 1139 160 1204 quae
169 1119 278 1186 omnia
293 1117 453 1188 obstinato
466 1118 573 1186 animo
585 1115 707 1206 Appius
723 1153 768 1166 ·-
781 1124 870 1184 tanta
886 1113 935 1184 vis
950 1114 1107 1182 amentiae
1123 1137 1177 1182 ve-

11 1269 12 1274 .
66 1220 138 1288 rius
162 1245 260 1314 qnam
282 1223 398 1294 amoris
420 1233 563 1290 mentem
584 1221 767 1292 turbaverat
787 1225 832 1270 ··'-
852 1219 886 1286 in
907 1218 1046 1289 tribuual
1068 1242 1176 1288 escen·

67 1323 133 1409 dir,
167 1337 202 1396 et
228 1327 312 1396 ultro
334 1337 488 1418 querente
509 1349 612 1418 paura
640 1325 777 1417 petitore
798 1323 887 1415 quod
914 1323 976 1394 sibi
994 1324 1097 1419 pridie
1118 1347 1177 1416 per

67 1431 282 1502 ambitionem
304 1431 425 1500 dietum
445 1455 511 1500 non
532 1441 634 1514 esset,
665 1429 853 1522 priusquam
880 1437 936 1496 aut
961 1426 1015 1496 ille
1036 1427 1226 1522 postula-10
1251 1485 1256 1494 .

43 1525 143 1602 'rum
163 1547 331 1626 perageret
352 1546 408 1606 aut
428 1535 579 1626 Verginio
599 1532 815 1625 respondendi
836 1531 963 1600 daretur
983 1533 1092 1615 locus,
1113 1531 1176 1622 Ap-

67 1639 146 1729 pius
166 1640 343 1712 interfatur.
367 1663 465 1732 quern
486 1640 616 1706 decreto
631 1659 813 1704 sennonem
826 1636 1048 1727 praetenderit,
1070 1637 1177 1704 forsan
1299 1655 1321 1718 κ

69 1742 215 1832 aliquem
241 1765 354 1812 venun
382 1751 528 1812 auctores
554 1741 675 1832 antiqui
704 1739 903 1808 tradiderint:
930 1777 976 1792 -
1004 1739 1177 1829 quianus·

70 1863 174 1937 quarn
195 1845 299 1915 ullum
319 1845 353 1916 in
374 1858 461 1917 tanta
480 1837 633 1914 'foeditate
656 1845 775 1917 decreti
795 1846 863 1914 veri
884 1844 1021 1914 similem
1040 1843 1177 1926 invenio,

69 1952 105 2016 id
120 1952 218 2042 ,quod
241 1962 366 2022 constat
386 1949 654 2018 nudumrvidetur
674 1950 929 2042 proponendum,
951 1950 1097 2018 decresse
1111 1948 1176 2016 vin·
1190 1967 1225 2024 15
1253 2003 1257 2021 .

71 2056 171 2126 dicias
198 2057 386 2126 secundum·
402 2055 597 2126 servitutem.
634 2055 738 2145 primo
764 2067 891 2146 stupor·
905 2077 1017 2124 omnes
1046 2053 1176 2122 admira·

71 2161 160 2230 tione
181 2162 228 2229 rei
247 2172 316 2232 tam
338 2162 453 2233 atrocis
481 2160 604 2242 defixit,
631 2158 790 2231 silentium
818 2159 892 2228 inde
917 2157 1112 2250 aliquamdiu
1132 2169 1177 2225 te·

72 2265 152 2332 nuit.
195 2267 267 2334 dein
289 2291 364 2336 curn
385 2266 431 2338 Μ.
455 2265 606 2337 Claudius
637 2264 911 2334 oirerunstantibus
938 2264 1091 2334 matronis
1118 2264 1179 2331 iret

74 2369 114 2436 ad
135 2369 396 2460 prehendendam
420 2369 575 2462 virginem
601 2369 876 2462 lamentabilisque
905 2393 981 2438 eum
1006 2369 1178 2436 mulierum

94 2599 120 2658 l.
138 2597 212 2654 d'occ
226 2618 319 2674 prope
336 2599 591 2658 contionabundus
676 2593 680 2600 ⁴
722 2595 1012 2674 timorato-tlte.
1021 2596 1177 2657 interfatur.

137 2675 308 2742 circumibat
324 2683 474 2745 homines:
492 2685 549 2745 ΡΜ.
724 2685 759 2743 ol.
776 2688 802 2750 3.
821 2686 878 2746 ta:
896 2695 1032 2746 secuntur.

94 2776 121 2832 7.
147 2774 294 2830 obstinato
324 2776 434 2833 animo.
463 2803 498 2814 -
527 2769 591 2831 Pllr
663 2773 708 2832 13.
742 2771 940 2832 tradiderint.-
975 2770 1025 2830 ΡΜ
1060 2769 1133 2832 Harl.
1159 2789 1178 2829 r.

138 2861 281 2920 abstineto.
298 2891 333 2904 -
354 2857 428 2920 Harl
446 2880 478 2920 r.=
497 2858 591 2917 aduer·
722 2857 801 2918 Leid.
818 2878 837 2918 r.
855 2892 890 2902 -
912 2858 982 2916 Atii:
1000 2857 1178 2936 tradiderunt.

136 2967 182 3006 sua
201 2968 269 3026 quae
285 2948 422 3006 obstinato
440 2951 539 3010 auimo.
723 2976 760 2990 ·-
775 2945 811 3003 P:
830 2945 922 3006 forsan
939 2946 1055 3028 aliquam
1073 2948 1125 3016 (m.
1137 2948 1177 3006 ΞΑ

96 3037 122 3094 8.
139 3036 285 3092 escendit.-
306 3036 333 3092 ld
350 3058 386 3095 m.
406 3041 430 3096 1.
448 3036 478 3096 Ρ.
503 3064 537 3078 -
562 3033 590 3092 Μ
723 3033 857 3114 aliquem)
876 3055 969 3105 oerum
990 3045 1112 3092 auctores
1131 3054 1176 3091 an·

137 3143 172 3181 m.
189 3125 216 3182 3.
239 3131 266 3180 et
288 3122 345 3181 rell.
370 3123 465 3183 codd:
493 3141 589 3202 aecep-
721 3122 791 3200 tiqui
808 3121 977 3184 tradiderint.
995 3121 1034 3182 ll:
1053 3130 1176 3182 aroteres

138 3209 185 3269 dit.
207 3237 238 3252 ·-
260 3209 301 3266 ld:
320 3219 347 3266 et
363 3211 434 3268 ultro
453 3221 590 3288 querente.
722 3211 769 3286 qui
786 3210 947 3270 tradiderint
961 3214 967 3282 Ι
982 3213 1044 3287 quia
1065 3215 1177 3284 nunqua.
1215 3209 1219 3218 “

97 3299 123 3355 9.
140 3296 221 3372 quod
238 3297 296 3353 ribi
309 3299 407 3370 pridie
427 3317 482 3373 per·
498 3299 590 3356 ombi-
663 3299 706 3355 15.
724 3297 863 3356 decresse
881 3300 1044 3356 uindicias:
1062 3294 1118 3376 ΡΜ.
1216 3325 1220 3338 ·

141 3385 249 3439 tionem
276 3382 385 3438 dictum
412 3403 472 3440 nou
498 3394 591 3442 erret:
664 3385 707 3443 17.
725 3385 771 3442 rei
788 3394 849 3441 tom
866 3385 993 3440 atrocis.-
1011 3381 1039 3438 ll
1056 3403 1092 3439 rn.
1110 3384 1127 3438 3
1146 3380 1178 3444 P.

40 3519 41 3525 ,
139 3467 187 3526 ΡΜ
205 3467 265 3528 cod.
275 3467 361 3528 llben.
374 3467 473 3529 Harii.
485 3469 561 3530 Leid.
574 3491 599 3532 r.
723 3502 759 3516 ·-
771 3469 799 3532 Μ
815 3493 851 3530 rn.
864 3473 903 3530 1.:
922 3469 1027 3526 rci'tam
1040 3469 1133 3530 atroci.
1143 3500 1177 3510 -·

58 3581 65 3590 ·
139 3555 192 3630 ab]
211 3555 285 3635 quod
302 3559 344 3614 ius
362 3556 415 3616 ribi
433 3567 483 3618 cet.
513 3557 548 3618 cl.
564 3562 592 3627 3,
725 3559 787 3618 Pit:
806 3556 981 3634 aliquamdiu.

140 3646 195 3704 tt:
219 3645 291 3702 iusto
315 3644 367 3703 die.
393 3673 430 3692 -··
454 3643 529 3703 llarl.
550 3664 591 3704 rr:
663 3649 707 3710 19.
742 3646 786 3705 od
817 3642 1076 3722 prehendendam.-
1116 3641 1176 3702 eod.
1211 3623 1222 3650 ¹

35 3723 36 3731 ¹
65 3741 70 3768 ⁸
139 3731 211 3808 quod
235 3733 288 3790 sibi
311 3731 400 3810 pridie
423 3735 466 3792 ius
489 3733 591 3792 dictum
723 3733 810 3792 Rhea.
838 3729 911 3790 llari
934 3751 951 3790 r.
980 3730 1058 3791 Laid.
1074 3732 1112 3802 t]
1142 3728 1177 3786 ad

140 3813 188 3897 per
219 3819 289 3879 amb.
316 3840 371 3878 uon
407 3829 487 3880 esset.
528 3821 591 3882 cod.
721 3817 905 3898 prendendam
923 3819 990 3892 (Μ).
1017 3851 1052 3862 ·-
1078 3817 1113 3876 P:
1142 3818 1176 3874 ad

140 3905 262 3964 Gaertn.:
280 3907 353 3984 quod
370 3907 424 3966 albi
435 3905 524 3987 pridie
541 3929 591 3988 per
723 3905 896 3988 prebendam.
907 3939 939 3949 -
952 3905 991 3964 tl:
1004 3906 1175 3981 laniabatur.

11 4045 12 4048 ,
140 3993 207 4053 amb.
227 3994 326 4052 dictum
345 3996 388 4051 iua
406 4016 460 4052 non
480 4005 560 4056 esset.
655 4049 659 4056 ,
722 3995 804 4058 aedi
820 3997 893 4056 mil.
910 3995 940 4054 in
958 3992 1175 4054 ranem-ll:

87 4082 124 4140 11.
138 4081 295 4159 Verginio.-
313 4079 380 4152 ΡΜ]
399 4080 532 4158 Virginio.
723 4082 880 4162 obploratio.
896 4080 935 4138 P:
954 4079 1176 4160 comploratione.

93 4198 125 4214 ·-
139 4169 253 4244 Appius
275 4165 452 4244 interfatur:
470 4168 528 4232 ΡΜ.
556 4203 589 4215 -·
724 4191 760 4231 or.
778 4174 816 4232 Ἅι
836 4168 1022 4247 comploratio.
1043 4207 1050 4218 -
