<?xml version="1.0" encoding="UTF-8"?>
<!DOCTYPE html PUBLIC "-//W3C//DTD XHTML 1.0 Transitional//EN"
    "http://www.w3.org/TR/xhtml1/DTD/xhtml1-transitional.dtd">
<html xmlns="http://www.w3.org/1999/xhtml" xml:lang="en" lang="en">
 <head>
  <title>
</title>
<meta http-equiv="Content-Type" content="text/html;charset=utf-8" />
  <meta name='ocr-system' content='tesseract 3.04.00' />
  <meta name='ocr-capabilities' content='ocr_page ocr_carea ocr_par ocr_line ocrx_word'/>
</head>
<body>
  <div class='ocr_page' id='page_1' title='image "./titilivirerumro02alscgoog_0234.png"; bbox 0 0 2836 4720; ppageno 0'>
   <div class='ocr_carea' id='block_1_1' title="bbox 483 215 1183 346">
    <p class='ocr_par' dir='ltr' id='par_1_1' title="bbox 483 215 1183 346">
     <span class='ocr_line' id='line_1_1' title="bbox 483 215 1183 346; baseline 0.007 -16"><span class='ocrx_word' id='word_1_1' title='bbox 483 215 725 346; x_wconf 55' lang='grc' dir='ltr'>Ῑιιιιιιιιιι</span> <span class='ocrx_word' id='word_1_2' title='bbox 1118 265 1183 336; x_wconf 74' lang='lat'><strong>215</strong></span> 
     </span>
    </p>
   </div>
   <div class='ocr_carea' id='block_1_2' title="bbox 14 425 1324 2301">
    <p class='ocr_par' dir='ltr' id='par_1_2' title="bbox 14 425 1268 840">
     <span class='ocr_line' id='line_1_2' title="bbox 14 425 1185 532; baseline -0.002 -26"><span class='ocrx_word' id='word_1_3' title='bbox 14 435 15 444; x_wconf 73' lang='grc'>’</span> <span class='ocrx_word' id='word_1_4' title='bbox 88 425 190 532; x_wconf 78' lang='lat' dir='ltr'><strong>esset,</strong></span> <span class='ocrx_word' id='word_1_5' title='bbox 216 437 249 506; x_wconf 89' lang='lat' dir='ltr'><strong>in</strong></span> <span class='ocrx_word' id='word_1_6' title='bbox 270 435 433 514; x_wconf 77' lang='lat' dir='ltr'><strong>incautum</strong></span> <span class='ocrx_word' id='word_1_7' title='bbox 453 435 581 502; x_wconf 86' lang='lat' dir='ltr'><strong>bostem</strong></span> <span class='ocrx_word' id='word_1_8' title='bbox 602 433 779 505; x_wconf 77' lang='lat' dir='ltr'><strong>decumano</strong></span> <span class='ocrx_word' id='word_1_9' title='bbox 801 441 891 522; x_wconf 82' lang='lat' dir='ltr'><strong>ports</strong></span> <span class='ocrx_word' id='word_1_10' title='bbox 914 435 1029 530; x_wconf 78' lang='lat' dir='ltr'><strong>erupit,</strong></span> <span class='ocrx_word' id='word_1_11' title='bbox 1056 447 1089 512; x_wconf 77' lang='lat' dir='ltr'><strong>et</strong></span> <span class='ocrx_word' id='word_1_12' title='bbox 1109 457 1185 512; x_wconf 70' lang='lat' dir='ltr'><strong>curn</strong></span> 
     </span>
     <span class='ocr_line' id='line_1_3' title="bbox 90 537 1182 634; baseline 0 -24"><span class='ocrx_word' id='word_1_13' title='bbox 90 541 238 634; x_wconf 78' lang='lat' dir='ltr'>persequi</span> <span class='ocrx_word' id='word_1_14' title='bbox 259 551 383 632; x_wconf 86' lang='lat' dir='ltr'><strong>posset,</strong></span> <span class='ocrx_word' id='word_1_15' title='bbox 410 549 504 626; x_wconf 14' lang='lat' dir='ltr'><strong>*metu</strong></span> <span class='ocrx_word' id='word_1_16' title='bbox 525 537 666 606; x_wconf 79' lang='lat' dir='ltr'><strong>subsistit</strong></span> <span class='ocrx_word' id='word_1_17' title='bbox 680 561 733 610; x_wconf 68' lang='lat' dir='ltr'><strong>,ne</strong></span> <span class='ocrx_word' id='word_1_18' title='bbox 763 559 826 626; x_wconf 81' lang='lat' dir='ltr'><strong>que</strong></span> <span class='ocrx_word' id='word_1_19' title='bbox 848 559 890 604; x_wconf 80' lang='lat' dir='ltr'><strong>ex</strong></span> <span class='ocrx_word' id='word_1_20' title='bbox 916 549 1005 627; x_wconf 81' lang='lat' dir='ltr'><strong>parte</strong></span> <span class='ocrx_word' id='word_1_21' title='bbox 1024 538 1127 618; x_wconf 69' lang='lat' dir='ltr'><strong>,alters</strong></span> <span class='ocrx_word' id='word_1_22' title='bbox 1148 543 1182 610; x_wconf 87' lang='lat' dir='ltr'><strong>iu</strong></span> 
     </span>
     <span class='ocr_line' id='line_1_4' title="bbox 90 630 1268 732; baseline -0.001 -18"><span class='ocrx_word' id='word_1_23' title='bbox 90 659 199 714; x_wconf 83' lang='lat' dir='ltr'><strong>cestre.</strong></span> <span class='ocrx_word' id='word_1_24' title='bbox 219 647 267 714; x_wconf 86' lang='lat' dir='ltr'><strong>vis</strong></span> <span class='ocrx_word' id='word_1_25' title='bbox 295 647 395 721; x_wconf 84' lang='lat' dir='ltr'><strong>ficret.</strong></span> <span class='ocrx_word' id='word_1_26' title='bbox 431 641 561 711; x_wconf 81' lang='lat' dir='ltr'><strong>Furium</strong></span> <span class='ocrx_word' id='word_1_27' title='bbox 586 641 728 732; x_wconf 79' lang='lat' dir='ltr'><strong>legatum</strong></span> <span class='ocrx_word' id='word_1_28' title='bbox 749 679 792 692; x_wconf 92' lang='grc'>-</span> <span class='ocrx_word' id='word_1_29' title='bbox 813 639 909 712; x_wconf 80' lang='lat' dir='ltr'><strong>freter</strong></span> <span class='ocrx_word' id='word_1_30' title='bbox 934 642 1019 710; x_wconf 86' lang='lat' dir='ltr'><strong>idem</strong></span> <span class='ocrx_word' id='word_1_31' title='bbox 1044 645 1182 714; x_wconf 81' lang='lat' dir='ltr'><strong>consulis</strong></span> <span class='ocrx_word' id='word_1_32' title='bbox 1266 630 1268 638; x_wconf 47' lang='grc'>’</span> 
     </span>
     <span class='ocr_line' id='line_1_5' title="bbox 14 743 1198 840; baseline -0.003 -21"><span class='ocrx_word' id='word_1_33' title='bbox 14 805 16 826; x_wconf 35' lang='lat' dir='ltr'><strong>r</strong></span> <span class='ocrx_word' id='word_1_34' title='bbox 89 762 158 820; x_wconf 83' lang='lat' dir='ltr'><strong>eret</strong></span> <span class='ocrx_word' id='word_1_35' title='bbox 178 750 368 840; x_wconf 79' lang='lat' dir='ltr'><strong>-longius</strong></span> <span class='ocrx_word' id='word_1_36' title='bbox 390 747 502 816; x_wconf 85' lang='lat' dir='ltr'><strong>extulit</strong></span> <span class='ocrx_word' id='word_1_37' title='bbox 523 769 643 829; x_wconf 87' lang='lat' dir='ltr'><strong>cursus,</strong></span> <span class='ocrx_word' id='word_1_38' title='bbox 668 769 729 814; x_wconf 86' lang='lat' dir='ltr'><strong>nec</strong></span> <span class='ocrx_word' id='word_1_39' title='bbox 751 768 827 813; x_wconf 89' lang='lat' dir='ltr'><strong>suos</strong></span> <span class='ocrx_word' id='word_1_40' title='bbox 847 745 902 816; x_wconf 82' lang='lat' dir='ltr'><strong>ille</strong></span> <span class='ocrx_word' id='word_1_41' title='bbox 916 747 1092 816; x_wconf 76' lang='lat' dir='ltr'><strong>sedeuutes</strong></span> <span class='ocrx_word' id='word_1_42' title='bbox 1114 743 1198 839; x_wconf 85' lang='lat' dir='ltr'><strong>per-&#39;</strong></span> 
     </span>
    </p>

    <p class='ocr_par' dir='ltr' id='par_1_3' title="bbox 14 850 1324 2301">
     <span class='ocr_line' id='line_1_6' title="bbox 14 850 1232 946; baseline -0.001 -23"><span class='ocrx_word' id='word_1_43' title='bbox 14 931 15 946; x_wconf 12' lang='grc' dir='ltr'>χ</span> <span class='ocrx_word' id='word_1_44' title='bbox 88 855 244 946; x_wconf 86' lang='lat' dir='ltr'><strong>sequendi</strong></span> <span class='ocrx_word' id='word_1_45' title='bbox 265 852 370 922; x_wconf 88' lang='lat' dir='ltr'><strong>studio</strong></span> <span class='ocrx_word' id='word_1_46' title='bbox 384 875 488 942; x_wconf 85' lang='lat' dir='ltr'><strong>neque</strong></span> <span class='ocrx_word' id='word_1_47' title='bbox 506 851 649 919; x_wconf 30' lang='lat' dir='ltr'><strong>:hostiurn</strong></span> <span class='ocrx_word' id='word_1_48' title='bbox 671 850 711 916; x_wconf 84' lang='lat' dir='ltr'><strong>ab</strong></span> <span class='ocrx_word' id='word_1_49' title='bbox 734 861 823 941; x_wconf 77' lang='lat' dir='ltr'><strong>tergo</strong></span> <span class='ocrx_word' id='word_1_50' title='bbox 845 850 1007 920; x_wconf 82' lang='lat' dir='ltr'><strong>incursum</strong></span> <span class='ocrx_word' id='word_1_51' title='bbox 1021 851 1108 920; x_wconf 87' lang='lat' dir='ltr'><strong>vidit.</strong></span> <span class='ocrx_word' id='word_1_52' title='bbox 1139 853 1232 932; x_wconf 74' lang='lat' dir='ltr'><strong>itss&#39;</strong></span> 
     </span>
     <span class='ocr_line' id='line_1_7' title="bbox 88 955 1183 1048; baseline -0.002 -22"><span class='ocrx_word' id='word_1_53' title='bbox 88 960 239 1028; x_wconf 79' lang='lat' dir='ltr'><strong>exclusus</strong></span> <span class='ocrx_word' id='word_1_54' title='bbox 261 957 368 1024; x_wconf 89' lang='lat' dir='ltr'><strong>multis</strong></span> <span class='ocrx_word' id='word_1_55' title='bbox 389 981 484 1048; x_wconf 81' lang='lat' dir='ltr'><strong>saepe</strong></span> <span class='ocrx_word' id='word_1_56' title='bbox 507 956 621 1025; x_wconf 82' lang='lat' dir='ltr'><strong>frustra</strong></span> <span class='ocrx_word' id='word_1_57' title='bbox 644 955 809 1024; x_wconf 79' lang='lat' dir='ltr'><strong>conatibus</strong></span> <span class='ocrx_word' id='word_1_58' title='bbox 838 955 937 1046; x_wconf 82' lang='lat' dir='ltr'><strong>captis</strong></span> <span class='ocrx_word' id='word_1_59' title='bbox 959 967 996 1024; x_wconf 90' lang='lat' dir='ltr'><strong>ut</strong></span> <span class='ocrx_word' id='word_1_60' title='bbox 1017 955 1102 1023; x_wconf 85' lang='lat' dir='ltr'><strong>viem</strong></span> <span class='ocrx_word' id='word_1_61' title='bbox 1123 956 1183 1026; x_wconf 90' lang='lat' dir='ltr'><strong>sibi</strong></span> 
     </span>
     <span class='ocr_line' id='line_1_8' title="bbox 87 1059 1210 1146; baseline -0.003 -16"><span class='ocrx_word' id='word_1_62' title='bbox 87 1064 130 1130; x_wconf 86' lang='lat' dir='ltr'><strong>sd</strong></span> <span class='ocrx_word' id='word_1_63' title='bbox 153 1073 255 1131; x_wconf 85' lang='lat' dir='ltr'><strong>cestre</strong></span> <span class='ocrx_word' id='word_1_64' title='bbox 276 1062 403 1146; x_wconf 77' lang='lat' dir='ltr'><strong>faceret,</strong></span> <span class='ocrx_word' id='word_1_65' title='bbox 426 1060 536 1140; x_wconf 81' lang='lat' dir='ltr'><strong>acriter</strong></span> <span class='ocrx_word' id='word_1_66' title='bbox 558 1059 709 1130; x_wconf 70' lang='lat' dir='ltr'><strong>discissio</strong></span> <span class='ocrx_word' id='word_1_67' title='bbox 729 1059 852 1129; x_wconf 86' lang='lat' dir='ltr'><strong>cecidit.</strong></span> <span class='ocrx_word' id='word_1_68' title='bbox 884 1071 917 1130; x_wconf 85' lang='lat' dir='ltr'><strong>et</strong></span> <span class='ocrx_word' id='word_1_69' title='bbox 937 1059 1050 1130; x_wconf 89' lang='lat' dir='ltr'><strong>consul</strong></span> <span class='ocrx_word' id='word_1_70' title='bbox 1071 1060 1183 1131; x_wconf 85' lang='lat' dir='ltr'><strong>nuntio</strong></span> <span class='ocrx_word' id='word_1_71' title='bbox 1207 1065 1210 1073; x_wconf 91' lang='lat'>&#39;</span> 
     </span>
     <span class='ocr_line' id='line_1_9' title="bbox 88 1165 1183 1256; baseline 0 -22"><span class='ocrx_word' id='word_1_72' title='bbox 88 1167 294 1244; x_wconf 83' lang='lat' dir='ltr'><strong>circumventi</strong></span> <span class='ocrx_word' id='word_1_73' title='bbox 321 1165 423 1237; x_wconf 80' lang='lat' dir='ltr'><strong>freuis</strong></span> <span class='ocrx_word' id='word_1_74' title='bbox 450 1187 622 1234; x_wconf 87' lang='lat' dir='ltr'><strong>conversus</strong></span> <span class='ocrx_word' id='word_1_75' title='bbox 649 1165 690 1232; x_wconf 87' lang='lat' dir='ltr'><strong>ed</strong></span> <span class='ocrx_word' id='word_1_76' title='bbox 716 1189 857 1256; x_wconf 75' lang='lat' dir='ltr'><strong>pugnem</strong></span> <span class='ocrx_word' id='word_1_77' title='bbox 884 1166 962 1234; x_wconf 86' lang='lat' dir='ltr'><strong>dum</strong></span> <span class='ocrx_word' id='word_1_78' title='bbox 995 1187 1030 1232; x_wconf 84' lang='lat' dir='ltr'><strong>ss</strong></span> <span class='ocrx_word' id='word_1_79' title='bbox 1063 1175 1183 1234; x_wconf 78' lang='lat' dir='ltr'><strong>temere</strong></span> 
     </span>
     <span class='ocr_line' id='line_1_10' title="bbox 87 1267 1184 1364; baseline -0.002 -26"><span class='ocrx_word' id='word_1_80' title='bbox 87 1271 189 1362; x_wconf 80' lang='lat' dir='ltr'><strong>magis</strong></span> <span class='ocrx_word' id='word_1_81' title='bbox 212 1296 309 1364; x_wconf 86' lang='lat' dir='ltr'><strong>quam</strong></span> <span class='ocrx_word' id='word_1_82' title='bbox 327 1271 403 1342; x_wconf 83' lang='lat' dir='ltr'><strong>setis</strong></span> <span class='ocrx_word' id='word_1_83' title='bbox 425 1281 517 1340; x_wconf 84' lang='lat' dir='ltr'><strong>caute</strong></span> <span class='ocrx_word' id='word_1_84' title='bbox 538 1268 571 1336; x_wconf 90' lang='lat' dir='ltr'><strong>in</strong></span> <span class='ocrx_word' id='word_1_85' title='bbox 592 1269 731 1340; x_wconf 78' lang='lat' dir='ltr'><strong>mediam</strong></span> <span class='ocrx_word' id='word_1_86' title='bbox 746 1269 980 1338; x_wconf 79' lang='lat' dir='ltr'><strong>dinicetionen&#39;r</strong></span> <span class='ocrx_word' id='word_1_87' title='bbox 994 1268 1096 1352; x_wconf 83' lang='lat' dir='ltr'><strong>infert,</strong></span> <span class='ocrx_word' id='word_1_88' title='bbox 1117 1267 1184 1336; x_wconf 86' lang='lat' dir='ltr'><strong>vul·</strong></span> 
     </span>
     <span class='ocr_line' id='line_1_11' title="bbox 86 1372 1324 1471; baseline -0.003 -26"><span class='ocrx_word' id='word_1_89' title='bbox 86 1399 164 1446; x_wconf 83' lang='lat' dir='ltr'><strong>uere</strong></span> <span class='ocrx_word' id='word_1_90' title='bbox 187 1386 319 1467; x_wconf 83' lang='lat' dir='ltr'><strong>accepto</strong></span> <span class='ocrx_word' id='word_1_91' title='bbox 347 1399 439 1466; x_wconf 82' lang='lat' dir='ltr'>aegre</span> <span class='ocrx_word' id='word_1_92' title='bbox 467 1374 507 1444; x_wconf 84' lang='lat' dir='ltr'><strong>eb</strong></span> <span class='ocrx_word' id='word_1_93' title='bbox 537 1374 810 1471; x_wconf 74' lang='lat' dir='ltr'><strong>circumstantibus</strong></span> <span class='ocrx_word' id='word_1_94' title='bbox 838 1386 967 1467; x_wconf 83' lang='lat' dir='ltr'><strong>ereptus</strong></span> <span class='ocrx_word' id='word_1_95' title='bbox 994 1384 1027 1442; x_wconf 83' lang='lat' dir='ltr'><strong>et</strong></span> <span class='ocrx_word' id='word_1_96' title='bbox 1051 1395 1183 1442; x_wconf 82' lang='lat' dir='ltr'><strong>suorum</strong></span> <span class='ocrx_word' id='word_1_97' title='bbox 1198 1395 1232 1450; x_wconf 72' lang='grc' dir='ltr'>ιο</span> <span class='ocrx_word' id='word_1_98' title='bbox 1323 1372 1324 1379; x_wconf 54' lang='lat'><em>&#39;</em></span> 
     </span>
     <span class='ocr_line' id='line_1_12' title="bbox 15 1476 1184 1570; baseline -0.006 -21"><span class='ocrx_word' id='word_1_99' title='bbox 15 1487 16 1490; x_wconf 72' lang='grc'>’</span> <span class='ocrx_word' id='word_1_100' title='bbox 87 1480 210 1559; x_wconf 75' lang='lat' dir='ltr'><strong>enimus</strong></span> <span class='ocrx_word' id='word_1_101' title='bbox 234 1480 372 1548; x_wconf 79' lang='lat' dir='ltr'><strong>turbavit</strong></span> <span class='ocrx_word' id='word_1_102' title='bbox 393 1489 426 1548; x_wconf 87' lang='lat' dir='ltr'><strong>et</strong></span> <span class='ocrx_word' id='word_1_103' title='bbox 447 1479 618 1548; x_wconf 84' lang='lat' dir='ltr'><strong>ferociores</strong></span> <span class='ocrx_word' id='word_1_104' title='bbox 640 1479 750 1548; x_wconf 90' lang='lat' dir='ltr'><strong>hostes</strong></span> <span class='ocrx_word' id='word_1_105' title='bbox 771 1479 856 1562; x_wconf 80' lang='lat' dir='ltr'><strong>fecit,</strong></span> <span class='ocrx_word' id='word_1_106' title='bbox 884 1479 943 1570; x_wconf 84' lang='lat' dir='ltr'><strong>qui</strong></span> <span class='ocrx_word' id='word_1_107' title='bbox 964 1478 1063 1546; x_wconf 80' lang='lat' dir='ltr'><strong>caede</strong></span> <span class='ocrx_word' id='word_1_108' title='bbox 1088 1476 1184 1567; x_wconf 81' lang='lat' dir='ltr'><strong>legati</strong></span> 
     </span>
     <span class='ocr_line' id='line_1_13' title="bbox 87 1581 1183 1672; baseline -0.004 -20"><span class='ocrx_word' id='word_1_109' title='bbox 87 1594 122 1652; x_wconf 85' lang='lat' dir='ltr'><strong>ct</strong></span> <span class='ocrx_word' id='word_1_110' title='bbox 142 1585 281 1654; x_wconf 89' lang='lat' dir='ltr'><strong>consulis</strong></span> <span class='ocrx_word' id='word_1_111' title='bbox 295 1584 426 1652; x_wconf 85' lang='lat' dir='ltr'><strong>vulnere</strong></span> <span class='ocrx_word' id='word_1_112' title='bbox 448 1585 572 1664; x_wconf 78' lang='lat' dir='ltr'><strong>accensi</strong></span> <span class='ocrx_word' id='word_1_113' title='bbox 594 1584 681 1652; x_wconf 83' lang='lat' dir='ltr'><strong>nulla</strong></span> <span class='ocrx_word' id='word_1_114' title='bbox 702 1582 862 1652; x_wconf 88' lang='lat' dir='ltr'><strong>deinde</strong></span> <span class='ocrx_word' id='word_1_115' title='bbox 832 1607 864 1650; x_wconf 84' lang='lat' dir='ltr'><strong>vr</strong></span> <span class='ocrx_word' id='word_1_116' title='bbox 878 1581 1024 1656; x_wconf 79' lang='lat' dir='ltr'><strong>sustineri</strong></span> <span class='ocrx_word' id='word_1_117' title='bbox 1040 1592 1183 1672; x_wconf 84' lang='lat' dir='ltr'><strong>potuere,</strong></span> 
     </span>
     <span class='ocr_line' id='line_1_14' title="bbox 87 1685 1184 1779; baseline -0.003 -23"><span class='ocrx_word' id='word_1_118' title='bbox 87 1713 164 1762; x_wconf 88' lang='lat' dir='ltr'><strong>cum</strong></span> <span class='ocrx_word' id='word_1_119' title='bbox 185 1686 359 1779; x_wconf 87' lang='lat' dir='ltr'><strong>conpulsi&#39;</strong></span> <span class='ocrx_word' id='word_1_120' title='bbox 350 1711 382 1752; x_wconf 90' lang='grc' dir='ltr'><strong>ιιι</strong></span> <span class='ocrx_word' id='word_1_121' title='bbox 396 1697 506 1766; x_wconf 75' lang='lat' dir='ltr'><strong>cestre</strong></span> <span class='ocrx_word' id='word_1_122' title='bbox 524 1687 660 1758; x_wconf 85' lang='lat' dir='ltr'><strong>Romani</strong></span> <span class='ocrx_word' id='word_1_123' title='bbox 681 1709 789 1762; x_wconf 89' lang='lat' dir='ltr'><strong>rursus</strong></span> <span class='ocrx_word' id='word_1_124' title='bbox 811 1685 993 1754; x_wconf 85' lang='lat' dir='ltr'><strong>obsiderent</strong></span> <span class='ocrx_word' id='word_1_125' title='bbox 979 1696 1030 1754; x_wconf 83' lang='lat' dir='ltr'><strong>tur</strong></span> <span class='ocrx_word' id='word_1_126' title='bbox 1050 1708 1111 1754; x_wconf 88' lang='lat' dir='ltr'><strong>uec</strong></span> <span class='ocrx_word' id='word_1_127' title='bbox 1126 1707 1184 1774; x_wconf 84' lang='lat' dir='ltr'><strong>spe</strong></span> 
     </span>
     <span class='ocr_line' id='line_1_15' title="bbox 14 1789 1193 1888; baseline -0.007 -26"><span class='ocrx_word' id='word_1_128' title='bbox 14 1813 16 1888; x_wconf 34' lang='grc' dir='ltr'>ζ</span> <span class='ocrx_word' id='word_1_129' title='bbox 84 1817 149 1862; x_wconf 85' lang='lat' dir='ltr'><strong>nec</strong></span> <span class='ocrx_word' id='word_1_130' title='bbox 170 1792 287 1860; x_wconf 87' lang='lat' dir='ltr'><strong>viribus</strong></span> <span class='ocrx_word' id='word_1_131' title='bbox 308 1813 418 1883; x_wconf 85' lang='lat' dir='ltr'><strong>peres:</strong></span> <span class='ocrx_word' id='word_1_132' title='bbox 452 1790 656 1882; x_wconf 75' lang='lat' dir='ltr'><strong>venissetque</strong></span> <span class='ocrx_word' id='word_1_133' title='bbox 677 1791 710 1860; x_wconf 85' lang='lat' dir='ltr'><strong>io</strong></span> <span class='ocrx_word' id='word_1_134' title='bbox 731 1789 908 1888; x_wconf 73' lang='lat' dir='ltr'><strong>periculurn</strong></span> <span class='ocrx_word' id='word_1_135' title='bbox 932 1811 1057 1864; x_wconf 81' lang='lat' dir='ltr'><strong>summo</strong></span> <span class='ocrx_word' id='word_1_136' title='bbox 1078 1811 1193 1860; x_wconf 82' lang='lat' dir='ltr'><strong>serum</strong></span> 
     </span>
     <span class='ocr_line' id='line_1_16' title="bbox 14 1881 1290 2014; baseline -0.005 -48"><span class='ocrx_word' id='word_1_137' title='bbox 14 1893 15 1926; x_wconf 74' lang='lat'><em>³</em></span> <span class='ocrx_word' id='word_1_138' title='bbox 85 1896 120 1966; x_wconf 93' lang='lat' dir='ltr'><strong>ni</strong></span> <span class='ocrx_word' id='word_1_139' title='bbox 148 1897 187 1964; x_wconf 91' lang='grc' dir='ltr'><strong>Τ.</strong></span> <span class='ocrx_word' id='word_1_140' title='bbox 216 1895 363 1982; x_wconf 80' lang='lat' dir='ltr'><strong>Quintius</strong></span> <span class='ocrx_word' id='word_1_141' title='bbox 396 1895 573 2014; x_wconf 69' lang='lat' dir='ltr'><strong>peregrinis</strong></span> <span class='ocrx_word' id='word_1_142' title='bbox 600 1895 700 1986; x_wconf 88' lang='lat' dir='ltr'><strong>copiis</strong></span> <span class='ocrx_word' id='word_1_143' title='bbox 734 1919 808 1967; x_wconf 78' lang='lat' dir='ltr'><strong>cunt</strong></span> <span class='ocrx_word' id='word_1_144' title='bbox 835 1881 948 1965; x_wconf 70' lang='lat' dir='ltr'><strong>Liuno</strong></span> <span class='ocrx_word' id='word_1_145' title='bbox 981 1891 1184 1981; x_wconf 84' lang='lat' dir='ltr'><strong>Hernicoque</strong></span> <span class='ocrx_word' id='word_1_146' title='bbox 1199 1912 1231 1968; x_wconf 71' lang='lat' dir='ltr'><strong>ss</strong></span> <span class='ocrx_word' id='word_1_147' title='bbox 1289 1911 1290 1917; x_wconf 72' lang='grc'>’</span> 
     </span>
     <span class='ocr_line' id='line_1_17' title="bbox 85 1995 1190 2086; baseline -0.004 -16.303"><span class='ocrx_word' id='word_1_148' title='bbox 85 2001 229 2074; x_wconf 79' lang='lat' dir='ltr'><strong>exercius</strong></span> <span class='ocrx_word' id='word_1_149' title='bbox 249 2000 459 2072; x_wconf 84' lang='lat' dir='ltr'><strong>subvenisset.</strong></span> <span class='ocrx_word' id='word_1_150' title='bbox 495 1999 523 2067; x_wconf 89' lang='lat' dir='ltr'><strong>is</strong></span> <span class='ocrx_word' id='word_1_151' title='bbox 544 1999 713 2068; x_wconf 81' lang='lat' dir='ltr'><strong>inteutos&#39;</strong></span> <span class='ocrx_word' id='word_1_152' title='bbox 704 2025 737 2068; x_wconf 89' lang='grc' dir='ltr'><strong>ιιι</strong></span> <span class='ocrx_word' id='word_1_153' title='bbox 764 2010 867 2069; x_wconf 82' lang='lat' dir='ltr'><strong>cestra</strong></span> <span class='ocrx_word' id='word_1_154' title='bbox 888 2000 1033 2068; x_wconf 79' lang='lat' dir='ltr'><strong>Romane</strong></span> <span class='ocrx_word' id='word_1_155' title='bbox 1053 1995 1190 2086; x_wconf 80' lang='lat' dir='ltr'><strong>Aequos,</strong></span> 
     </span>
     <span class='ocr_line' id='line_1_18' title="bbox 84 2099 1185 2197; baseline -0.006 -22"><span class='ocrx_word' id='word_1_156' title='bbox 84 2104 244 2197; x_wconf 78' lang='lat' dir='ltr'><strong>legatique</strong></span> <span class='ocrx_word' id='word_1_157' title='bbox 267 2115 363 2196; x_wconf 86' lang='lat' dir='ltr'><strong>ceput</strong></span> <span class='ocrx_word' id='word_1_158' title='bbox 390 2104 539 2174; x_wconf 64' lang='lat' dir='ltr'><strong>[ernesto</strong></span> <span class='ocrx_word' id='word_1_159' title='bbox 565 2115 761 2184; x_wconf 63' lang='lat' dir='ltr'><strong>ostentantes</strong></span> <span class='ocrx_word' id='word_1_160' title='bbox 783 2104 824 2172; x_wconf 86' lang='lat' dir='ltr'><strong>eb</strong></span> <span class='ocrx_word' id='word_1_161' title='bbox 852 2115 942 2195; x_wconf 85' lang='lat' dir='ltr'><strong>tergo</strong></span> <span class='ocrx_word' id='word_1_162' title='bbox 971 2102 1117 2184; x_wconf 70' lang='lat' dir='ltr'><strong>sodomis,</strong></span> <span class='ocrx_word' id='word_1_163' title='bbox 1147 2099 1185 2168; x_wconf 88' lang='lat' dir='ltr'><strong>si-</strong></span> 
     </span>
     <span class='ocr_line' id='line_1_19' title="bbox 84 2205 1185 2301; baseline -0.01 -21"><span class='ocrx_word' id='word_1_164' title='bbox 84 2210 155 2280; x_wconf 87' lang='lat' dir='ltr'><strong>mul</strong></span> <span class='ocrx_word' id='word_1_165' title='bbox 175 2209 217 2278; x_wconf 81' lang='lat' dir='ltr'><strong>sd</strong></span> <span class='ocrx_word' id='word_1_166' title='bbox 237 2209 363 2301; x_wconf 80' lang='lat' dir='ltr'><strong>signum</strong></span> <span class='ocrx_word' id='word_1_167' title='bbox 385 2220 462 2280; x_wconf 81' lang='lat' dir='ltr'><strong>s&#39;ss</strong></span> <span class='ocrx_word' id='word_1_168' title='bbox 481 2209 596 2301; x_wconf 82' lang='lat' dir='ltr'><strong>procul</strong></span> <span class='ocrx_word' id='word_1_169' title='bbox 618 2210 740 2278; x_wconf 77' lang='lat' dir='ltr'><strong>edium</strong></span> <span class='ocrx_word' id='word_1_170' title='bbox 760 2234 802 2286; x_wconf 75' lang='lat' dir='ltr'><strong>es</strong></span> <span class='ocrx_word' id='word_1_171' title='bbox 824 2209 933 2282; x_wconf 75' lang='lat' dir='ltr'><strong>cestris</strong></span> <span class='ocrx_word' id='word_1_172' title='bbox 954 2207 1120 2298; x_wconf 77' lang='lat' dir='ltr'><strong>eruptione</strong></span> <span class='ocrx_word' id='word_1_173' title='bbox 1142 2205 1185 2271; x_wconf 80' lang='lat' dir='ltr'><strong>ia-</strong></span> 
     </span>
    </p>
   </div>
   <div class='ocr_carea' id='block_1_3' title="bbox 29 2423 1309 4162">
    <p class='ocr_par' dir='ltr' id='par_1_4' title="bbox 66 2423 1309 3541">
     <span class='ocr_line' id='line_1_20' title="bbox 106 2423 1185 2502; baseline -0.005 -18"><span class='ocrx_word' id='word_1_174' title='bbox 106 2430 132 2488; x_wconf 85' lang='lat'><strong>1.</strong></span> <span class='ocrx_word' id='word_1_175' title='bbox 150 2431 181 2484; x_wconf 88' lang='lat' dir='ltr'><strong>in</strong></span> <span class='ocrx_word' id='word_1_176' title='bbox 199 2431 347 2490; x_wconf 81' lang='lat' dir='ltr'><strong>incautum</strong></span> <span class='ocrx_word' id='word_1_177' title='bbox 365 2428 487 2487; x_wconf 78' lang='lat' dir='ltr'><strong>hostem.</strong></span> <span class='ocrx_word' id='word_1_178' title='bbox 499 2461 532 2472; x_wconf 91' lang='lat'><em>-</em></span> <span class='ocrx_word' id='word_1_179' title='bbox 553 2427 600 2485; x_wconf 97' lang='lat' dir='ltr'><strong>PM</strong></span> <span class='ocrx_word' id='word_1_180' title='bbox 730 2439 786 2486; x_wconf 79' lang='lat' dir='ltr'><strong>stra</strong></span> <span class='ocrx_word' id='word_1_181' title='bbox 804 2426 924 2488; x_wconf 82' lang='lat' dir='ltr'><strong>obsideri</strong></span> <span class='ocrx_word' id='word_1_182' title='bbox 941 2424 1083 2494; x_wconf 86' lang='lat' dir='ltr'><strong>noluerint,</strong></span> <span class='ocrx_word' id='word_1_183' title='bbox 1112 2423 1185 2502; x_wconf 83' lang='lat' dir='ltr'><strong>quod</strong></span> 
     </span>
     <span class='ocr_line' id='line_1_21' title="bbox 87 2509 1184 2594; baseline -0.005 -22"><span class='ocrx_word' id='word_1_184' title='bbox 87 2519 91 2524; x_wconf 79' lang='lat'>&#39;</span> <span class='ocrx_word' id='word_1_185' title='bbox 148 2509 208 2574; x_wconf 75' lang='lat' dir='ltr'><strong>cod.</strong></span> <span class='ocrx_word' id='word_1_186' title='bbox 226 2514 326 2580; x_wconf 66' lang='lat' dir='ltr'><strong>Rhoe:</strong></span> <span class='ocrx_word' id='word_1_187' title='bbox 351 2513 447 2592; x_wconf 78' lang='lat' dir='ltr'><strong>pessus</strong></span> <span class='ocrx_word' id='word_1_188' title='bbox 471 2520 542 2572; x_wconf 82' lang='lat' dir='ltr'><strong>esset</strong></span> <span class='ocrx_word' id='word_1_189' title='bbox 559 2518 602 2571; x_wconf 85' lang='lat' dir='ltr'><strong>in·</strong></span> <span class='ocrx_word' id='word_1_190' title='bbox 731 2513 900 2594; x_wconf 80' lang='lat' dir='ltr'><strong>probandum</strong></span> <span class='ocrx_word' id='word_1_191' title='bbox 914 2537 968 2572; x_wconf 88' lang='lat' dir='ltr'><strong>nou</strong></span> <span class='ocrx_word' id='word_1_192' title='bbox 985 2511 1184 2570; x_wconf 83' lang='lat' dir='ltr'><strong>esselocirstio</strong></span> 
     </span>
     <span class='ocr_line' id='line_1_22' title="bbox 152 2600 1185 2680; baseline -0.006 -22"><span class='ocrx_word' id='word_1_193' title='bbox 152 2601 380 2661; x_wconf 80' lang='lat' dir='ltr'><strong>coutumhostem.</strong></span> <span class='ocrx_word' id='word_1_194' title='bbox 399 2601 432 2660; x_wconf 82' lang='lat' dir='ltr'><strong>cs.</strong></span> <span class='ocrx_word' id='word_1_195' title='bbox 442 2601 499 2658; x_wconf 86' lang='lat' dir='ltr'><strong>Titi</strong></span> <span class='ocrx_word' id='word_1_196' title='bbox 511 2602 529 2660; x_wconf 92' lang='lat' dir='ltr'><strong>l.</strong></span> <span class='ocrx_word' id='word_1_197' title='bbox 539 2623 602 2661; x_wconf 87' lang='lat' dir='ltr'>xxx.</span> <span class='ocrx_word' id='word_1_198' title='bbox 733 2603 819 2662; x_wconf 78' lang='lat' dir='ltr'><strong>docet</strong></span> <span class='ocrx_word' id='word_1_199' title='bbox 847 2605 921 2661; x_wconf 82' lang='lat' dir='ltr'><strong>Cum</strong></span> <span class='ocrx_word' id='word_1_200' title='bbox 938 2605 1019 2680; x_wconf 80' lang='lat' dir='ltr'><strong>igitur</strong></span> <span class='ocrx_word' id='word_1_201' title='bbox 1037 2600 1185 2656; x_wconf 83' lang='lat' dir='ltr'><strong>rectissime</strong></span> 
     </span>
     <span class='ocr_line' id='line_1_23' title="bbox 148 2681 1309 2768; baseline -0.008 -22"><span class='ocrx_word' id='word_1_202' title='bbox 148 2711 177 2768; x_wconf 82' lang='lat' dir='ltr'><strong>p.</strong></span> <span class='ocrx_word' id='word_1_203' title='bbox 194 2707 256 2748; x_wconf 82' lang='lat' dir='ltr'>xxx.</span> <span class='ocrx_word' id='word_1_204' title='bbox 274 2689 299 2748; x_wconf 74' lang='lat' dir='ltr'><strong>b.</strong></span> <span class='ocrx_word' id='word_1_205' title='bbox 317 2720 352 2730; x_wconf 92' lang='lat'><em>-</em></span> <span class='ocrx_word' id='word_1_206' title='bbox 374 2683 422 2744; x_wconf 78' lang='lat' dir='ltr'><strong>Ms&#39;</strong></span> <span class='ocrx_word' id='word_1_207' title='bbox 439 2690 601 2764; x_wconf 70' lang='lat' dir='ltr'><strong>portulis·</strong></span> <span class='ocrx_word' id='word_1_208' title='bbox 731 2681 878 2748; x_wconf 83' lang='lat' dir='ltr'><strong>sehabet:</strong></span> <span class='ocrx_word' id='word_1_209' title='bbox 909 2691 978 2766; x_wconf 87' lang='lat' dir='ltr'><strong>„qui</strong></span> <span class='ocrx_word' id='word_1_210' title='bbox 1001 2685 1083 2745; x_wconf 80' lang='lat' dir='ltr'><strong>caede</strong></span> <span class='ocrx_word' id='word_1_211' title='bbox 1105 2684 1185 2757; x_wconf 80' lang='lat' dir='ltr'><strong>legati</strong></span> <span class='ocrx_word' id='word_1_212' title='bbox 1306 2700 1309 2714; x_wconf 65' lang='lat'><em>⁵</em></span> 
     </span>
     <span class='ocr_line' id='line_1_24' title="bbox 149 2773 1184 2856; baseline -0.006 -24"><span class='ocrx_word' id='word_1_213' title='bbox 149 2778 200 2856; x_wconf 83' lang='lat' dir='ltr'><strong>pit.</strong></span> <span class='ocrx_word' id='word_1_214' title='bbox 218 2775 267 2833; x_wconf 84' lang='lat' dir='ltr'><strong>sed</strong></span> <span class='ocrx_word' id='word_1_215' title='bbox 285 2791 306 2832; x_wconf 77' lang='grc' dir='ltr'><em>α</em></span> <span class='ocrx_word' id='word_1_216' title='bbox 322 2795 356 2833; x_wconf 86' lang='lat' dir='ltr'><strong>m.</strong></span> <span class='ocrx_word' id='word_1_217' title='bbox 375 2778 400 2834; x_wconf 86' lang='lat'><strong>3.</strong></span> <span class='ocrx_word' id='word_1_218' title='bbox 417 2777 448 2832; x_wconf 86' lang='lat' dir='ltr'><strong>in</strong></span> <span class='ocrx_word' id='word_1_219' title='bbox 466 2789 518 2835; x_wconf 73' lang='grc' dir='ltr'>ιιι.</span> <span class='ocrx_word' id='word_1_220' title='bbox 733 2787 761 2834; x_wconf 84' lang='lat' dir='ltr'><strong>ct</strong></span> <span class='ocrx_word' id='word_1_221' title='bbox 788 2776 905 2833; x_wconf 88' lang='lat' dir='ltr'><strong>consulis</strong></span> <span class='ocrx_word' id='word_1_222' title='bbox 931 2773 1042 2832; x_wconf 81' lang='lat' dir='ltr'><strong>vulnere</strong></span> <span class='ocrx_word' id='word_1_223' title='bbox 1071 2773 1184 2838; x_wconf 82' lang='lat' dir='ltr'><strong>accensi,</strong></span> 
     </span>
     <span class='ocr_line' id='line_1_25' title="bbox 104 2857 1184 2942; baseline -0.008 -22"><span class='ocrx_word' id='word_1_224' title='bbox 104 2867 130 2925; x_wconf 69' lang='lat'><strong>2.</strong></span> <span class='ocrx_word' id='word_1_225' title='bbox 149 2865 298 2921; x_wconf 80' lang='lat' dir='ltr'><strong>subsistit:</strong></span> <span class='ocrx_word' id='word_1_226' title='bbox 316 2859 363 2935; x_wconf 87' lang='grc' dir='ltr'><strong>Μ]</strong></span> <span class='ocrx_word' id='word_1_227' title='bbox 381 2863 510 2923; x_wconf 86' lang='lat' dir='ltr'><strong>substitit.</strong></span> <span class='ocrx_word' id='word_1_228' title='bbox 735 2885 796 2925; x_wconf 86' lang='lat' dir='ltr'><strong>cum</strong></span> <span class='ocrx_word' id='word_1_229' title='bbox 822 2861 945 2942; x_wconf 78' lang='lat' dir='ltr'><strong>conpulsi</strong></span> <span class='ocrx_word' id='word_1_230' title='bbox 967 2863 996 2918; x_wconf 88' lang='lat' dir='ltr'><strong>iu</strong></span> <span class='ocrx_word' id='word_1_231' title='bbox 1024 2869 1109 2915; x_wconf 76' lang='lat' dir='ltr'><strong>cestro</strong></span> <span class='ocrx_word' id='word_1_232' title='bbox 1131 2857 1184 2912; x_wconf 85' lang='lat' dir='ltr'><strong>Ro·</strong></span> 
     </span>
     <span class='ocr_line' id='line_1_26' title="bbox 105 2947 1186 3030; baseline -0.008 -22"><span class='ocrx_word' id='word_1_233' title='bbox 105 2953 132 3011; x_wconf 78' lang='lat'><strong>5.</strong></span> <span class='ocrx_word' id='word_1_234' title='bbox 150 2952 188 3008; x_wconf 80' lang='lat' dir='ltr'><strong>nb</strong></span> <span class='ocrx_word' id='word_1_235' title='bbox 205 2959 306 3030; x_wconf 81' lang='lat' dir='ltr'><strong>tergo:</strong></span> <span class='ocrx_word' id='word_1_236' title='bbox 322 2947 358 3010; x_wconf 86' lang='grc' dir='ltr'><strong>Μ.</strong></span> <span class='ocrx_word' id='word_1_237' title='bbox 376 2973 397 3007; x_wconf 83' lang='lat' dir='ltr'><em>a</em></span> <span class='ocrx_word' id='word_1_238' title='bbox 412 2961 499 3028; x_wconf 81' lang='lat' dir='ltr'><strong>tergo:</strong></span> <span class='ocrx_word' id='word_1_239' title='bbox 518 2947 548 3009; x_wconf 91' lang='lat' dir='ltr'><strong>P.</strong></span> <span class='ocrx_word' id='word_1_240' title='bbox 567 2981 601 2994; x_wconf 86' lang='lat'>-</span> <span class='ocrx_word' id='word_1_241' title='bbox 734 2953 807 3008; x_wconf 81' lang='lat' dir='ltr'><strong>merri</strong></span> <span class='ocrx_word' id='word_1_242' title='bbox 824 2971 917 3008; x_wconf 80' lang='lat' dir='ltr'><strong>rursus</strong></span> <span class='ocrx_word' id='word_1_243' title='bbox 931 2947 1120 3006; x_wconf 77' lang='lat' dir='ltr'><strong>obsiderentur</strong></span> <span class='ocrx_word' id='word_1_244' title='bbox 1137 2961 1186 3000; x_wconf 83' lang='lat' dir='ltr'><strong>nse</strong></span> 
     </span>
     <span class='ocr_line' id='line_1_27' title="bbox 148 3031 1185 3116; baseline -0.011 -17.75"><span class='ocrx_word' id='word_1_245' title='bbox 148 3037 231 3098; x_wconf 79' lang='lat' dir='ltr'><strong>Paulo</strong></span> <span class='ocrx_word' id='word_1_246' title='bbox 261 3046 324 3114; x_wconf 84' lang='lat' dir='ltr'><strong>post</strong></span> <span class='ocrx_word' id='word_1_247' title='bbox 352 3037 394 3098; x_wconf 82' lang='lat' dir='ltr'><strong>M:</strong></span> <span class='ocrx_word' id='word_1_248' title='bbox 427 3038 529 3098; x_wconf 78' lang='lat' dir='ltr'><strong>feceret</strong></span> <span class='ocrx_word' id='word_1_249' title='bbox 549 3041 554 3110; x_wconf 91' lang='grc' dir='ltr'>Ι</span> <span class='ocrx_word' id='word_1_250' title='bbox 574 3039 633 3096; x_wconf 71' lang='lat' dir='ltr'><strong>ct</strong></span> <span class='ocrx_word' id='word_1_251' title='bbox 731 3055 784 3116; x_wconf 76' lang='lat' dir='ltr'><strong>spe</strong></span> <span class='ocrx_word' id='word_1_252' title='bbox 800 3059 851 3095; x_wconf 83' lang='lat' dir='ltr'><strong>nec</strong></span> <span class='ocrx_word' id='word_1_253' title='bbox 868 3039 971 3096; x_wconf 80' lang='lat' dir='ltr'><strong>viribus</strong></span> <span class='ocrx_word' id='word_1_254' title='bbox 993 3053 1088 3113; x_wconf 76' lang='lat' dir='ltr'><strong>pares,</strong></span> <span class='ocrx_word' id='word_1_255' title='bbox 1114 3031 1185 3089; x_wconf 80' lang='lat' dir='ltr'><strong>nulls</strong></span> 
     </span>
     <span class='ocr_line' id='line_1_28' title="bbox 148 3118 1187 3200; baseline -0.003 -17"><span class='ocrx_word' id='word_1_256' title='bbox 148 3128 253 3186; x_wconf 70' lang='lat' dir='ltr'><strong>acrites·</strong></span> <span class='ocrx_word' id='word_1_257' title='bbox 733 3125 832 3184; x_wconf 77' lang='lat' dir='ltr'><strong>deiude</strong></span> <span class='ocrx_word' id='word_1_258' title='bbox 848 3127 877 3182; x_wconf 82' lang='lat' dir='ltr'><strong>vi</strong></span> <span class='ocrx_word' id='word_1_259' title='bbox 894 3125 1023 3182; x_wconf 82' lang='lat' dir='ltr'><strong>sustiueri</strong></span> <span class='ocrx_word' id='word_1_260' title='bbox 1045 3118 1187 3200; x_wconf 78' lang='lat' dir='ltr'><strong>potuere“.</strong></span> 
     </span>
     <span class='ocr_line' id='line_1_29' title="bbox 105 3212 1187 3300; baseline -0.007 -30"><span class='ocrx_word' id='word_1_261' title='bbox 105 3215 131 3274; x_wconf 80' lang='grc'><strong>8.</strong></span> <span class='ocrx_word' id='word_1_262' title='bbox 150 3229 312 3270; x_wconf 77' lang='lat' dir='ltr'><strong>conuersus</strong></span> <span class='ocrx_word' id='word_1_263' title='bbox 337 3213 381 3268; x_wconf 80' lang='lat' dir='ltr'><strong>ud</strong></span> <span class='ocrx_word' id='word_1_264' title='bbox 398 3227 601 3300; x_wconf 48' lang='lat' dir='ltr'><strong>pugnnmoe·</strong></span> <span class='ocrx_word' id='word_1_265' title='bbox 734 3243 770 3257; x_wconf 93' lang='lat'>-</span> <span class='ocrx_word' id='word_1_266' title='bbox 793 3213 994 3288; x_wconf 77' lang='lat' dir='ltr'><strong>Venisssique</strong></span> <span class='ocrx_word' id='word_1_267' title='bbox 1016 3212 1047 3266; x_wconf 88' lang='lat' dir='ltr'><strong>iu</strong></span> <span class='ocrx_word' id='word_1_268' title='bbox 1068 3227 1187 3265; x_wconf 83' lang='lat' dir='ltr'><strong>errorem</strong></span> 
     </span>
     <span class='ocr_line' id='line_1_30' title="bbox 150 3291 1185 3378; baseline -0.007 -23"><span class='ocrx_word' id='word_1_269' title='bbox 150 3299 214 3356; x_wconf 88' lang='grc' dir='ltr'><strong>ΡΜ.</strong></span> <span class='ocrx_word' id='word_1_270' title='bbox 245 3317 391 3356; x_wconf 88' lang='lat' dir='ltr'><strong>conuersus</strong></span> <span class='ocrx_word' id='word_1_271' title='bbox 418 3291 459 3359; x_wconf 77' lang='lat' dir='ltr'><strong>sd</strong></span> <span class='ocrx_word' id='word_1_272' title='bbox 481 3320 603 3378; x_wconf 80' lang='lat' dir='ltr'><strong>pugnen-</strong></span> <span class='ocrx_word' id='word_1_273' title='bbox 734 3299 884 3358; x_wconf 85' lang='lat' dir='ltr'><strong>induxerit:</strong></span> <span class='ocrx_word' id='word_1_274' title='bbox 899 3331 901 3338; x_wconf 94' lang='lat'>·</span> <span class='ocrx_word' id='word_1_275' title='bbox 919 3296 976 3370; x_wconf 22' lang='lat' dir='ltr'><strong>sed*</strong></span> <span class='ocrx_word' id='word_1_276' title='bbox 1001 3295 1036 3354; x_wconf 82' lang='lat' dir='ltr'><strong>ci.</strong></span> <span class='ocrx_word' id='word_1_277' title='bbox 1068 3297 1101 3362; x_wconf 73' lang='lat'><strong>2,</strong></span> <span class='ocrx_word' id='word_1_278' title='bbox 1126 3297 1185 3352; x_wconf 66' lang='lat' dir='ltr'><strong>bb:</strong></span> 
     </span>
     <span class='ocr_line' id='line_1_31' title="bbox 66 3377 1186 3455; baseline -0.01 -11"><span class='ocrx_word' id='word_1_279' title='bbox 66 3393 69 3408; x_wconf 82' lang='lat'>&#39;</span> <span class='ocrx_word' id='word_1_280' title='bbox 151 3383 213 3444; x_wconf 78' lang='lat' dir='ltr'><strong>dum</strong></span> <span class='ocrx_word' id='word_1_281' title='bbox 232 3405 262 3440; x_wconf 88' lang='lat' dir='ltr'><strong>se</strong></span> <span class='ocrx_word' id='word_1_282' title='bbox 279 3395 387 3442; x_wconf 84' lang='lat' dir='ltr'><strong>temere.</strong></span> <span class='ocrx_word' id='word_1_283' title='bbox 735 3377 1186 3455; x_wconf 65' lang='lat' dir='ltr'><strong>sustinebamertatumqusfo·</strong></span> 
     </span>
     <span class='ocr_line' id='line_1_32' title="bbox 107 3456 1187 3541; baseline -0.006 -12"><span class='ocrx_word' id='word_1_284' title='bbox 107 3473 165 3532; x_wconf 80' lang='grc'><strong>9.·</strong></span> <span class='ocrx_word' id='word_1_285' title='bbox 152 3493 184 3528; x_wconf 86' lang='grc' dir='ltr'><strong>ιιι</strong></span> <span class='ocrx_word' id='word_1_286' title='bbox 213 3473 343 3528; x_wconf 79' lang='lat' dir='ltr'><strong>medinm</strong></span> <span class='ocrx_word' id='word_1_287' title='bbox 370 3469 602 3528; x_wconf 78' lang='lat' dir='ltr'><strong>dimicationem:</strong></span> <span class='ocrx_word' id='word_1_288' title='bbox 736 3482 782 3532; x_wconf 71' lang='grc' dir='ltr'><strong>νει</strong></span> <span class='ocrx_word' id='word_1_289' title='bbox 799 3474 893 3530; x_wconf 80' lang='lat' dir='ltr'><strong>nicet.</strong></span> <span class='ocrx_word' id='word_1_290' title='bbox 906 3468 991 3530; x_wconf 80' lang='grc' dir='ltr'><strong>-Μι</strong></span> <span class='ocrx_word' id='word_1_291' title='bbox 1010 3456 1187 3541; x_wconf 70' lang='grc' dir='ltr'>ιιίἶι.Ωιὶιι-</span> 
     </span>
    </p>

    <p class='ocr_par' dir='ltr' id='par_1_5' title="bbox 29 3555 1190 4162">
     <span class='ocr_line' id='line_1_33' title="bbox 121 3555 797 3618; baseline 0.003 -2"><span class='ocrx_word' id='word_1_292' title='bbox 121 3558 124 3564; x_wconf 75' lang='grc'>’</span> <span class='ocrx_word' id='word_1_293' title='bbox 151 3559 182 3618; x_wconf 88' lang='grc' dir='ltr'><strong>Ρ.</strong></span> <span class='ocrx_word' id='word_1_294' title='bbox 200 3561 229 3616; x_wconf 86' lang='grc' dir='ltr'><strong>ἰιι</strong></span> <span class='ocrx_word' id='word_1_295' title='bbox 246 3556 336 3614; x_wconf 85' lang='lat' dir='ltr'><strong>medio</strong></span> <span class='ocrx_word' id='word_1_296' title='bbox 349 3555 546 3616; x_wconf 81' lang='lat' dir='ltr'><strong>dimicationis:</strong></span> <span class='ocrx_word' id='word_1_297' title='bbox 563 3558 603 3617; x_wconf 84' lang='lat' dir='ltr'><strong>M:</strong></span> <span class='ocrx_word' id='word_1_298' title='bbox 735 3561 797 3618; x_wconf 91' lang='lat' dir='ltr'><strong>tius.</strong></span> 
     </span>
     <span class='ocr_line' id='line_1_34' title="bbox 150 3637 1189 3726; baseline -0.008 -23"><span class='ocrx_word' id='word_1_299' title='bbox 150 3645 199 3703; x_wconf 80' lang='lat' dir='ltr'><strong>ssd</strong></span> <span class='ocrx_word' id='word_1_300' title='bbox 218 3647 244 3704; x_wconf 84' lang='lat' dir='ltr'><strong>is</strong></span> <span class='ocrx_word' id='word_1_301' title='bbox 268 3665 304 3703; x_wconf 89' lang='lat' dir='ltr'><strong>m.</strong></span> <span class='ocrx_word' id='word_1_302' title='bbox 321 3649 346 3704; x_wconf 85' lang='lat'><strong>3.</strong></span> <span class='ocrx_word' id='word_1_303' title='bbox 364 3646 393 3700; x_wconf 89' lang='lat' dir='ltr'><strong>iu</strong></span> <span class='ocrx_word' id='word_1_304' title='bbox 410 3663 462 3702; x_wconf 85' lang='lat' dir='ltr'><strong>res.</strong></span> <span class='ocrx_word' id='word_1_305' title='bbox 675 3648 718 3707; x_wconf 85' lang='lat'><strong>15.</strong></span> <span class='ocrx_word' id='word_1_306' title='bbox 733 3645 901 3726; x_wconf 80' lang='lat' dir='ltr'><strong>peregrinis</strong></span> <span class='ocrx_word' id='word_1_307' title='bbox 918 3644 1027 3720; x_wconf 80' lang='lat' dir='ltr'><strong>copiis:</strong></span> <span class='ocrx_word' id='word_1_308' title='bbox 1048 3639 1104 3708; x_wconf 87' lang='lat' dir='ltr'><strong>PM.</strong></span> <span class='ocrx_word' id='word_1_309' title='bbox 1122 3637 1189 3696; x_wconf 86' lang='lat' dir='ltr'><strong>bsee</strong></span> 
     </span>
     <span class='ocr_line' id='line_1_35' title="bbox 91 3727 1188 3812; baseline 0.001 -25"><span class='ocrx_word' id='word_1_310' title='bbox 91 3731 133 3793; x_wconf 80' lang='lat'><strong>13.</strong></span> <span class='ocrx_word' id='word_1_311' title='bbox 151 3753 216 3792; x_wconf 85' lang='lat' dir='ltr'><strong>sum</strong></span> <span class='ocrx_word' id='word_1_312' title='bbox 224 3733 373 3808; x_wconf 84' lang='lat' dir='ltr'><strong>conpulsi:</strong></span> <span class='ocrx_word' id='word_1_313' title='bbox 383 3730 448 3804; x_wconf 86' lang='lat' dir='ltr'><strong>PM]</strong></span> <span class='ocrx_word' id='word_1_314' title='bbox 460 3734 525 3810; x_wconf 87' lang='lat' dir='ltr'><strong>quin</strong></span> <span class='ocrx_word' id='word_1_315' title='bbox 533 3752 605 3792; x_wconf 86' lang='lat' dir='ltr'><strong>cous·</strong></span> <span class='ocrx_word' id='word_1_316' title='bbox 736 3734 818 3792; x_wconf 83' lang='lat' dir='ltr'><strong>verbe</strong></span> <span class='ocrx_word' id='word_1_317' title='bbox 828 3732 1005 3812; x_wconf 80' lang='lat' dir='ltr'><strong>oppositionis</strong></span> <span class='ocrx_word' id='word_1_318' title='bbox 1014 3729 1074 3786; x_wconf 78' lang='lat' dir='ltr'><strong>loco</strong></span> <span class='ocrx_word' id='word_1_319' title='bbox 1085 3727 1119 3786; x_wconf 84' lang='lat' dir='ltr'><strong>ad</strong></span> <span class='ocrx_word' id='word_1_320' title='bbox 1131 3728 1188 3788; x_wconf 75' lang='lat' dir='ltr'><strong>Lu.</strong></span> 
     </span>
     <span class='ocr_line' id='line_1_36' title="bbox 29 3817 1189 3898; baseline -0.007 -20"><span class='ocrx_word' id='word_1_321' title='bbox 29 3872 36 3896; x_wconf 34' lang='lat' dir='ltr'>x</span> <span class='ocrx_word' id='word_1_322' title='bbox 150 3821 222 3897; x_wconf 84' lang='lat' dir='ltr'><strong>pulsi</strong></span> <span class='ocrx_word' id='word_1_323' title='bbox 240 3819 385 3890; x_wconf 82' lang='lat' dir='ltr'><strong>(Herl.1.).</strong></span> <span class='ocrx_word' id='word_1_324' title='bbox 404 3819 435 3876; x_wconf 89' lang='lat' dir='ltr'><strong>Si</strong></span> <span class='ocrx_word' id='word_1_325' title='bbox 449 3821 521 3897; x_wconf 78' lang='lat' dir='ltr'><strong>quin</strong></span> <span class='ocrx_word' id='word_1_326' title='bbox 534 3831 605 3878; x_wconf 81' lang='lat' dir='ltr'><strong>recto</strong></span> <span class='ocrx_word' id='word_1_327' title='bbox 645 3851 649 3860; x_wconf 84' lang='lat'><strong>·</strong></span> <span class='ocrx_word' id='word_1_328' title='bbox 735 3824 797 3878; x_wconf 82' lang='lat' dir='ltr'><strong>tino</strong></span> <span class='ocrx_word' id='word_1_329' title='bbox 833 3819 1022 3898; x_wconf 78' lang='lat' dir='ltr'><strong>Hernicoque</strong></span> <span class='ocrx_word' id='word_1_330' title='bbox 1056 3817 1189 3874; x_wconf 77' lang='lat' dir='ltr'><strong>exercitu</strong></span> 
     </span>
     <span class='ocr_line' id='line_1_37' title="bbox 155 3899 1189 3987; baseline -0.006 -25"><span class='ocrx_word' id='word_1_331' title='bbox 155 3926 185 3962; x_wconf 89' lang='lat' dir='ltr'><strong>sc</strong></span> <span class='ocrx_word' id='word_1_332' title='bbox 202 3907 295 3975; x_wconf 84' lang='lat' dir='ltr'><strong>hebet,</strong></span> <span class='ocrx_word' id='word_1_333' title='bbox 318 3908 404 3965; x_wconf 76' lang='lat' dir='ltr'><strong>nullo</strong></span> <span class='ocrx_word' id='word_1_334' title='bbox 421 3908 455 3964; x_wconf 81' lang='lat' dir='ltr'><strong>ui</strong></span> <span class='ocrx_word' id='word_1_335' title='bbox 469 3909 606 3983; x_wconf 84' lang='lat' dir='ltr'><strong>pertinere</strong></span> <span class='ocrx_word' id='word_1_336' title='bbox 735 3909 884 3987; x_wconf 85' lang='lat' dir='ltr'><strong>pertinent:</strong></span> <span class='ocrx_word' id='word_1_337' title='bbox 903 3906 1063 3964; x_wconf 78' lang='lat' dir='ltr'><strong>antecedunt</strong></span> <span class='ocrx_word' id='word_1_338' title='bbox 1075 3925 1105 3960; x_wconf 82' lang='lat' dir='ltr'><strong>es</strong></span> <span class='ocrx_word' id='word_1_339' title='bbox 1115 3899 1189 3982; x_wconf 74' lang='lat' dir='ltr'><strong>quoti</strong></span> 
     </span>
     <span class='ocr_line' id='line_1_38' title="bbox 154 3991 1189 4073; baseline -0.004 -25"><span class='ocrx_word' id='word_1_340' title='bbox 154 3992 233 4049; x_wconf 80' lang='lat' dir='ltr'><strong>debet</strong></span> <span class='ocrx_word' id='word_1_341' title='bbox 256 3993 292 4050; x_wconf 81' lang='lat' dir='ltr'><strong>sd</strong></span> <span class='ocrx_word' id='word_1_342' title='bbox 315 3995 390 4073; x_wconf 84' lang='lat' dir='ltr'><strong>ipsos</strong></span> <span class='ocrx_word' id='word_1_343' title='bbox 414 3994 533 4052; x_wconf 87' lang='lat' dir='ltr'><strong>bostium</strong></span> <span class='ocrx_word' id='word_1_344' title='bbox 555 3993 604 4052; x_wconf 77' lang='lat' dir='ltr'><strong>du·</strong></span> <span class='ocrx_word' id='word_1_345' title='bbox 738 3995 769 4054; x_wconf 76' lang='lat' dir='ltr'><strong>L.</strong></span> <span class='ocrx_word' id='word_1_346' title='bbox 794 3993 888 4052; x_wconf 85' lang='lat' dir='ltr'><strong>iubis</strong></span> <span class='ocrx_word' id='word_1_347' title='bbox 911 3997 979 4072; x_wconf 83' lang='lat' dir='ltr'><strong>ipsis</strong></span> <span class='ocrx_word' id='word_1_348' title='bbox 996 3993 1086 4052; x_wconf 83' lang='lat' dir='ltr'><strong>verbis</strong></span> <span class='ocrx_word' id='word_1_349' title='bbox 1107 3991 1189 4046; x_wconf 86' lang='lat' dir='ltr'><strong>meio·</strong></span> 
     </span>
     <span class='ocr_line' id='line_1_39' title="bbox 152 4075 1190 4162; baseline -0.002 -26"><span class='ocrx_word' id='word_1_350' title='bbox 152 4098 206 4150; x_wconf 82' lang='lat' dir='ltr'><strong>ees,</strong></span> <span class='ocrx_word' id='word_1_351' title='bbox 224 4083 301 4156; x_wconf 83' lang='lat' dir='ltr'><strong>quasi</strong></span> <span class='ocrx_word' id='word_1_352' title='bbox 319 4081 348 4140; x_wconf 89' lang='lat' dir='ltr'><strong>bi</strong></span> <span class='ocrx_word' id='word_1_353' title='bbox 358 4079 542 4142; x_wconf 77' lang='lat' dir='ltr'><strong>Romanorum</strong></span> <span class='ocrx_word' id='word_1_354' title='bbox 562 4103 605 4140; x_wconf 83' lang='lat' dir='ltr'><strong>os·</strong></span> <span class='ocrx_word' id='word_1_355' title='bbox 738 4102 795 4141; x_wconf 86' lang='lat' dir='ltr'><strong>rem</strong></span> <span class='ocrx_word' id='word_1_356' title='bbox 807 4082 940 4160; x_wconf 71' lang='lat' dir='ltr'><strong>quondm</strong></span> <span class='ocrx_word' id='word_1_357' title='bbox 951 4083 1006 4141; x_wconf 85' lang='lat' dir='ltr'><strong>vim</strong></span> <span class='ocrx_word' id='word_1_358' title='bbox 1018 4081 1084 4162; x_wconf 83' lang='lat' dir='ltr'><strong>poni</strong></span> <span class='ocrx_word' id='word_1_359' title='bbox 1096 4075 1190 4136; x_wconf 79' lang='lat' dir='ltr'><strong>soluit.</strong></span> 
     </span>
    </p>
   </div>
   <div class='ocr_carea' id='block_1_4' title="bbox 0 0 1422 4720">
    <p class='ocr_par' dir='ltr' id='par_1_6' title="bbox 0 0 1422 4720">
     <span class='ocr_line' id='line_1_40' title="bbox 0 0 1422 4720; baseline 0 0"><span class='ocrx_word' id='word_1_360' title='bbox 0 0 1422 4720; x_wconf 95' lang='lat' dir='ltr'><strong> </strong></span> 
     </span>
    </p>
   </div>
  </div>
 </body>
</html>
