<?xml version="1.0" encoding="UTF-8"?>
<!DOCTYPE html PUBLIC "-//W3C//DTD XHTML 1.0 Transitional//EN"
    "http://www.w3.org/TR/xhtml1/DTD/xhtml1-transitional.dtd">
<html xmlns="http://www.w3.org/1999/xhtml" xml:lang="en" lang="en">
 <head>
  <title>
</title>
<meta http-equiv="Content-Type" content="text/html;charset=utf-8" />
  <meta name='ocr-system' content='tesseract 3.04.00' />
  <meta name='ocr-capabilities' content='ocr_page ocr_carea ocr_par ocr_line ocrx_word'/>
</head>
<body>
  <div class='ocr_page' id='page_1' title='image "./titilivirerumro02alscgoog_0460.png"; bbox 0 0 2756 4720; ppageno 0'>
   <div class='ocr_carea' id='block_1_1' title="bbox 388 271 1193 371">
    <p class='ocr_par' dir='ltr' id='par_1_1' title="bbox 388 271 1193 371">
     <span class='ocr_line' id='line_1_1' title="bbox 388 271 1193 371; baseline -0.001 -1"><span class='ocrx_word' id='word_1_1' title='bbox 388 271 391 288; x_wconf 87' lang='lat'>&#39;</span> <span class='ocrx_word' id='word_1_2' title='bbox 474 305 666 371; x_wconf 39' lang='lat' dir='ltr'><strong>furrow.</strong></span> <span class='ocrx_word' id='word_1_3' title='bbox 985 315 989 323; x_wconf 51' lang='lat'><strong><em>¹</em></strong></span> <span class='ocrx_word' id='word_1_4' title='bbox 1072 287 1193 370; x_wconf 47' lang='lat' dir='ltr'><strong>nr*</strong></span> 
     </span>
    </p>
   </div>
   <div class='ocr_carea' id='block_1_2' title="bbox 25 468 1271 2348">
    <p class='ocr_par' dir='ltr' id='par_1_2' title="bbox 25 468 1208 1303">
     <span class='ocr_line' id='line_1_2' title="bbox 25 468 1137 571; baseline 0 -21"><span class='ocrx_word' id='word_1_5' title='bbox 25 468 85 550; x_wconf 72' lang='grc' dir='ltr'><strong>Ἀ.</strong></span> <span class='ocrx_word' id='word_1_6' title='bbox 108 480 244 556; x_wconf 81' lang='lat' dir='ltr'><strong>Sellium</strong></span> <span class='ocrx_word' id='word_1_7' title='bbox 265 479 341 548; x_wconf 83' lang='lat' dir='ltr'><strong>Sex.</strong></span> <span class='ocrx_word' id='word_1_8' title='bbox 359 475 528 544; x_wconf 81' lang='lat' dir='ltr'><strong>Antistium</strong></span> <span class='ocrx_word' id='word_1_9' title='bbox 551 487 584 543; x_wconf 88' lang='lat' dir='ltr'><strong>et</strong></span> <span class='ocrx_word' id='word_1_10' title='bbox 598 475 656 567; x_wconf 85' lang='lat' dir='ltr'><strong>sp.</strong></span> <span class='ocrx_word' id='word_1_11' title='bbox 670 473 792 543; x_wconf 85' lang='lat' dir='ltr'><strong>lollium</strong></span> <span class='ocrx_word' id='word_1_12' title='bbox 813 477 896 561; x_wconf 81' lang='lat' dir='ltr'><strong>lecit,</strong></span> <span class='ocrx_word' id='word_1_13' title='bbox 920 475 1001 570; x_wconf 80' lang='lat' dir='ltr'><strong>quos</strong></span> <span class='ocrx_word' id='word_1_14' title='bbox 1024 492 1057 548; x_wconf 87' lang='lat' dir='ltr'><strong>et</strong></span> <span class='ocrx_word' id='word_1_15' title='bbox 1078 505 1137 571; x_wconf 90' lang='lat' dir='ltr'><strong>pro</strong></span> 
     </span>
     <span class='ocr_line' id='line_1_3' title="bbox 41 579 1208 676; baseline 0.001 -23"><span class='ocrx_word' id='word_1_16' title='bbox 41 584 281 653; x_wconf 75' lang='lat' dir='ltr'><strong>centurionibus</strong></span> <span class='ocrx_word' id='word_1_17' title='bbox 316 582 390 648; x_wconf 74' lang='lat' dir='ltr'><strong>sibi.</strong></span> <span class='ocrx_word' id='word_1_18' title='bbox 404 581 621 672; x_wconf 76' lang='lat' dir='ltr'><strong>praefecerant</strong></span> <span class='ocrx_word' id='word_1_19' title='bbox 645 579 822 670; x_wconf 82' lang='lat' dir='ltr'><strong>Tempanio</strong></span> <span class='ocrx_word' id='word_1_20' title='bbox 849 592 978 650; x_wconf 79' lang='lat' dir='ltr'><strong>auctore</strong></span> <span class='ocrx_word' id='word_1_21' title='bbox 1005 586 1137 676; x_wconf 81' lang='lat' dir='ltr'><strong>equites</strong></span> <span class='ocrx_word' id='word_1_22' title='bbox 1205 611 1208 622; x_wconf 85' lang='grc'>’</span> 
     </span>
     <span class='ocr_line' id='line_1_4' title="bbox 42 684 1139 776; baseline -0.001 -18"><span class='ocrx_word' id='word_1_23' title='bbox 42 700 190 771; x_wconf 80' lang='lat' dir='ltr'><strong>senatus,</strong></span> <span class='ocrx_word' id='word_1_24' title='bbox 224 713 298 756; x_wconf 88' lang='lat' dir='ltr'><strong>cum</strong></span> <span class='ocrx_word' id='word_1_25' title='bbox 325 685 399 757; x_wconf 89' lang='lat' dir='ltr'><strong>odio</strong></span> <span class='ocrx_word' id='word_1_26' title='bbox 422 685 591 776; x_wconf 83' lang='lat' dir='ltr'><strong>Semproni</strong></span> <span class='ocrx_word' id='word_1_27' title='bbox 620 684 786 753; x_wconf 85' lang='lat' dir='ltr'><strong>consulere</strong></span> <span class='ocrx_word' id='word_1_28' title='bbox 812 685 931 755; x_wconf 81' lang='lat' dir='ltr'><strong>nom&#39;en</strong></span> <span class='ocrx_word' id='word_1_29' title='bbox 957 689 1139 773; x_wconf 77' lang='lat' dir='ltr'><strong>offenderet,</strong></span> 
     </span>
     <span class='ocr_line' id='line_1_5' title="bbox 45 791 1140 884; baseline -0.001 -23"><span class='ocrx_word' id='word_1_30' title='bbox 45 794 192 884; x_wconf 78' lang='lat' dir='ltr'><strong>tribunos</strong></span> <span class='ocrx_word' id='word_1_31' title='bbox 222 792 359 858; x_wconf 85' lang='lat' dir='ltr'><strong>militum</strong></span> <span class='ocrx_word' id='word_1_32' title='bbox 392 791 548 858; x_wconf 75' lang='lat' dir='ltr'><strong>consulari</strong></span> <span class='ocrx_word' id='word_1_33' title='bbox 568 799 735 881; x_wconf 76' lang='lat' dir='ltr'><strong>potestate</strong></span> <span class='ocrx_word' id='word_1_34' title='bbox 757 792 865 858; x_wconf 82' lang='lat' dir='ltr'><strong>-ereori</strong></span> <span class='ocrx_word' id='word_1_35' title='bbox 896 791 999 861; x_wconf 85' lang='lat' dir='ltr'><strong>iussit:</strong></span> <span class='ocrx_word' id='word_1_36' title='bbox 1031 794 1140 862; x_wconf 51' lang='lat' dir='ltr'><strong>«creati</strong></span> 
     </span>
     <span class='ocr_line' id='line_1_6' title="bbox 35 893 1175 988; baseline 0 -22"><span class='ocrx_word' id='word_1_37' title='bbox 35 911 123 966; x_wconf 79' lang='lat' dir='ltr'><strong>sunt</strong></span> <span class='ocrx_word' id='word_1_38' title='bbox 138 899 180 967; x_wconf 63' lang='grc' dir='ltr'><strong>4Ι..</strong></span> <span class='ocrx_word' id='word_1_39' title='bbox 202 894 339 964; x_wconf 81' lang='lat' dir='ltr'><strong>lllenlius</strong></span> <span class='ocrx_word' id='word_1_40' title='bbox 361 893 558 987; x_wconf 82' lang='lat' dir='ltr'><strong>Capitolinus</strong></span> <span class='ocrx_word' id='word_1_41' title='bbox 579 895 620 982; x_wconf 99' lang='lat' dir='ltr'><strong>Q.</strong></span> <span class='ocrx_word' id='word_1_42' title='bbox 642 893 798 963; x_wconf 79' lang='lat' dir='ltr'><strong>Antonius</strong></span> <span class='ocrx_word' id='word_1_43' title='bbox 818 895 976 965; x_wconf 67' lang='lat' dir='ltr'><strong>Merenda·</strong></span> <span class='ocrx_word' id='word_1_44' title='bbox 992 897 1028 970; x_wconf 67' lang='grc' dir='ltr'><strong>Ι..</strong></span> <span class='ocrx_word' id='word_1_45' title='bbox 1050 895 1175 988; x_wconf 79' lang='lat' dir='ltr'><strong>Papi-5</strong></span> 
     </span>
     <span class='ocr_line' id='line_1_7' title="bbox 44 998 1141 1092; baseline 0 -22"><span class='ocrx_word' id='word_1_46' title='bbox 44 1004 112 1070; x_wconf 87' lang='lat' dir='ltr'><strong>rius</strong></span> <span class='ocrx_word' id='word_1_47' title='bbox 134 1002 325 1092; x_wconf 71' lang='lat' dir='ltr'><strong>Mugilanus.</strong></span> <span class='ocrx_word' id='word_1_48' title='bbox 346 999 499 1092; x_wconf 84' lang='lat' dir='ltr'><strong>principio</strong></span> <span class='ocrx_word' id='word_1_49' title='bbox 522 999 628 1085; x_wconf 84' lang='lat' dir='ltr'><strong>statim</strong></span> <span class='ocrx_word' id='word_1_50' title='bbox 647 998 722 1076; x_wconf 69' lang='lat' dir='ltr'><strong>,anni</strong></span> <span class='ocrx_word' id='word_1_51' title='bbox 735 1000 772 1068; x_wconf 89' lang='lat' dir='ltr'><strong>L.</strong></span> <span class='ocrx_word' id='word_1_52' title='bbox 787 999 974 1070; x_wconf 80' lang='lat' dir='ltr'><strong>Hortensius</strong></span> <span class='ocrx_word' id='word_1_53' title='bbox 996 1003 1141 1070; x_wconf 79' lang='lat' dir='ltr'><strong>tribunus</strong></span> 
     </span>
     <span class='ocr_line' id='line_1_8' title="bbox 46 1104 1145 1199; baseline 0 -26"><span class='ocrx_word' id='word_1_54' title='bbox 46 1107 155 1199; x_wconf 80' lang='lat' dir='ltr'><strong>plebis</strong></span> <span class='ocrx_word' id='word_1_55' title='bbox 174 1106 211 1174; x_wconf 80' lang='lat'><strong>0.</strong></span> <span class='ocrx_word' id='word_1_56' title='bbox 230 1105 420 1198; x_wconf 86' lang='lat' dir='ltr'><strong>Sempronio</strong></span> <span class='ocrx_word' id='word_1_57' title='bbox 443 1104 566 1174; x_wconf 85' lang='lat' dir='ltr'><strong>consuli</strong></span> <span class='ocrx_word' id='word_1_58' title='bbox 587 1105 660 1172; x_wconf 80' lang='lat' dir='ltr'><strong>nuni</strong></span> <span class='ocrx_word' id='word_1_59' title='bbox 681 1106 793 1196; x_wconf 80' lang='lat' dir='ltr'><strong>prioris</strong></span> <span class='ocrx_word' id='word_1_60' title='bbox 815 1107 901 1176; x_wconf 88' lang='lat' dir='ltr'><strong>diem</strong></span> <span class='ocrx_word' id='word_1_61' title='bbox 922 1105 1008 1175; x_wconf 81' lang='lat' dir='ltr'><strong>dixit</strong></span> <span class='ocrx_word' id='word_1_62' title='bbox 1045 1131 1145 1198; x_wconf 86' lang='lat' dir='ltr'><strong>quem</strong></span> 
     </span>
     <span class='ocr_line' id='line_1_9' title="bbox 47 1210 1145 1303; baseline -0.004 -22"><span class='ocrx_word' id='word_1_63' title='bbox 47 1213 135 1281; x_wconf 70' lang='lat' dir='ltr'><strong>eom:</strong></span> <span class='ocrx_word' id='word_1_64' title='bbox 146 1213 296 1302; x_wconf 72' lang='lat' dir='ltr'><strong>quattuor</strong></span> <span class='ocrx_word' id='word_1_65' title='bbox 312 1211 462 1300; x_wconf 56' lang='lat' dir='ltr'><strong>*collegae</strong></span> <span class='ocrx_word' id='word_1_66' title='bbox 482 1210 819 1303; x_wconf 84' lang='lat' dir='ltr'><strong>inspecteutepopulo</strong></span> <span class='ocrx_word' id='word_1_67' title='bbox 841 1211 990 1280; x_wconf 82' lang='lat' dir='ltr'><strong>Romano</strong></span> <span class='ocrx_word' id='word_1_68' title='bbox 1011 1221 1145 1295; x_wconf 73' lang='lat' dir='ltr'><strong>orarent,</strong></span> 
     </span>
    </p>

    <p class='ocr_par' dir='ltr' id='par_1_3' title="bbox 37 1309 1271 2348">
     <span class='ocr_line' id='line_1_10' title="bbox 46 1309 1271 1409; baseline 0 -25"><span class='ocrx_word' id='word_1_69' title='bbox 46 1341 89 1384; x_wconf 91' lang='lat' dir='ltr'><strong>ne</strong></span> <span class='ocrx_word' id='word_1_70' title='bbox 112 1315 338 1408; x_wconf 71' lang='lat' dir='ltr'><strong>imperatorem</strong></span> <span class='ocrx_word' id='word_1_71' title='bbox 359 1338 455 1382; x_wconf 86' lang='lat' dir='ltr'><strong>suum</strong></span> <span class='ocrx_word' id='word_1_72' title='bbox 474 1315 694 1384; x_wconf 83' lang='lat' dir='ltr'><strong>innoxiumin</strong></span> <span class='ocrx_word' id='word_1_73' title='bbox 716 1341 781 1407; x_wconf 89' lang='lat' dir='ltr'><strong>quo</strong></span> <span class='ocrx_word' id='word_1_74' title='bbox 803 1314 881 1384; x_wconf 90' lang='lat' dir='ltr'><strong>nihil</strong></span> <span class='ocrx_word' id='word_1_75' title='bbox 902 1329 1028 1409; x_wconf 81' lang='lat' dir='ltr'><strong>praeter</strong></span> <span class='ocrx_word' id='word_1_76' title='bbox 1048 1317 1146 1385; x_wconf 77' lang='lat' dir='ltr'><strong>lorm-</strong></span> <span class='ocrx_word' id='word_1_77' title='bbox 1269 1309 1271 1317; x_wconf 61' lang='grc'>’</span> 
     </span>
     <span class='ocr_line' id='line_1_11' title="bbox 48 1420 1207 1517; baseline -0.001 -28"><span class='ocrx_word' id='word_1_78' title='bbox 48 1445 127 1489; x_wconf 85' lang='lat' dir='ltr'><strong>nam</strong></span> <span class='ocrx_word' id='word_1_79' title='bbox 150 1420 339 1512; x_wconf 81' lang='lat' dir='ltr'><strong>reprehendi</strong></span> <span class='ocrx_word' id='word_1_80' title='bbox 359 1430 472 1510; x_wconf 90' lang='lat' dir='ltr'><strong>posset</strong></span> <span class='ocrx_word' id='word_1_81' title='bbox 492 1432 631 1504; x_wconf 83' lang='lat' dir='ltr'><strong>vexaret,</strong></span> <span class='ocrx_word' id='word_1_82' title='bbox 654 1443 748 1510; x_wconf 83' lang='lat' dir='ltr'><strong>aegre</strong></span> <span class='ocrx_word' id='word_1_83' title='bbox 762 1422 949 1490; x_wconf 81' lang='lat' dir='ltr'><strong>Hortensius</strong></span> <span class='ocrx_word' id='word_1_84' title='bbox 971 1423 1046 1514; x_wconf 86' lang='lat' dir='ltr'><strong>pati,</strong></span> <span class='ocrx_word' id='word_1_85' title='bbox 1067 1434 1207 1517; x_wconf 49' lang='lat' dir='ltr'><strong>tem-10¹</strong></span> 
     </span>
     <span class='ocr_line' id='line_1_12' title="bbox 37 1526 1147 1618; baseline -0.002 -24"><span class='ocrx_word' id='word_1_86' title='bbox 37 1527 227 1618; x_wconf 79' lang='lat' dir='ltr'><strong>ptatiouom</strong></span> <span class='ocrx_word' id='word_1_87' title='bbox 249 1538 322 1593; x_wconf 83' lang='lat' dir='ltr'><strong>&#39;eom</strong></span> <span class='ocrx_word' id='word_1_88' title='bbox 343 1527 476 1592; x_wconf 85' lang='lat' dir='ltr'><strong>eredens</strong></span> <span class='ocrx_word' id='word_1_89' title='bbox 499 1549 570 1592; x_wconf 90' lang='lat' dir='ltr'><strong>esse</strong></span> <span class='ocrx_word' id='word_1_90' title='bbox 583 1526 843 1613; x_wconf 80' lang='lat' dir='ltr'><strong>perseverantiae</strong></span> <span class='ocrx_word' id='word_1_91' title='bbox 866 1532 943 1594; x_wconf 78' lang='lat' dir='ltr'><strong>s&#39;uae</strong></span> <span class='ocrx_word' id='word_1_92' title='bbox 965 1550 1026 1594; x_wconf 87' lang='lat' dir='ltr'><strong>nec</strong></span> <span class='ocrx_word' id='word_1_93' title='bbox 1048 1527 1147 1616; x_wconf 86' lang='lat' dir='ltr'><strong>preci-</strong></span> 
     </span>
     <span class='ocr_line' id='line_1_13' title="bbox 47 1628 1165 1719; baseline 0 -22"><span class='ocrx_word' id='word_1_94' title='bbox 47 1631 111 1697; x_wconf 90' lang='lat' dir='ltr'><strong>bus</strong></span> <span class='ocrx_word' id='word_1_95' title='bbox 133 1631 340 1712; x_wconf 87' lang='lat' dir='ltr'><strong>tribunorum,</strong></span> <span class='ocrx_word' id='word_1_96' title='bbox 363 1628 501 1719; x_wconf 83' lang='lat' dir='ltr'><strong>quaein</strong></span> <span class='ocrx_word' id='word_1_97' title='bbox 522 1628 664 1719; x_wconf 85' lang='lat' dir='ltr'><strong>speciem</strong></span> <span class='ocrx_word' id='word_1_98' title='bbox 684 1628 783 1696; x_wconf 88' lang='lat' dir='ltr'><strong>inodo</strong></span> <span class='ocrx_word' id='word_1_99' title='bbox 798 1629 962 1714; x_wconf 74' lang='lat' dir='ltr'><strong>iactentur,</strong></span> <span class='ocrx_word' id='word_1_100' title='bbox 983 1633 1041 1698; x_wconf 91' lang='lat' dir='ltr'><strong>sed</strong></span> <span class='ocrx_word' id='word_1_101' title='bbox 1063 1632 1165 1697; x_wconf 52' lang='lat' dir='ltr'><strong>auid.</strong></span> 
     </span>
     <span class='ocr_line' id='line_1_14' title="bbox 48 1718 1150 1822; baseline -0.002 -20"><span class='ocrx_word' id='word_1_102' title='bbox 48 1735 278 1803; x_wconf 85' lang='lat' dir='ltr'><strong>lio&#39;eonlidere</strong></span> <span class='ocrx_word' id='word_1_103' title='bbox 305 1757 407 1800; x_wconf 88' lang='lat' dir='ltr'><strong>reum.</strong></span> <span class='ocrx_word' id='word_1_104' title='bbox 443 1731 550 1822; x_wconf 83' lang='lat' dir='ltr'><strong>itaque</strong></span> <span class='ocrx_word' id='word_1_105' title='bbox 577 1733 676 1800; x_wconf 91' lang='lat' dir='ltr'><strong>modo</strong></span> <span class='ocrx_word' id='word_1_106' title='bbox 704 1734 745 1799; x_wconf 81' lang='lat' dir='ltr'><strong>ed</strong></span> <span class='ocrx_word' id='word_1_107' title='bbox 773 1718 848 1800; x_wconf 84' lang='lat' dir='ltr'><strong>eum</strong></span> <span class='ocrx_word' id='word_1_108' title='bbox 872 1757 1060 1818; x_wconf 86' lang='lat' dir='ltr'><strong>conversus,</strong></span> <span class='ocrx_word' id='word_1_109' title='bbox 1093 1733 1150 1801; x_wconf 82' lang='lat' dir='ltr'><strong>&#39;ubi</strong></span> 
     </span>
     <span class='ocr_line' id='line_1_15' title="bbox 47 1836 1150 1930; baseline -0.003 -23"><span class='ocrx_word' id='word_1_110' title='bbox 47 1839 98 1907; x_wconf 81' lang='lat' dir='ltr'><strong>illi</strong></span> <span class='ocrx_word' id='word_1_111' title='bbox 117 1837 239 1930; x_wconf 79' lang='lat' dir='ltr'><strong>patricii</strong></span> <span class='ocrx_word' id='word_1_112' title='bbox 260 1837 387 1928; x_wconf 86' lang='lat' dir='ltr'><strong>spiritus</strong></span> <span class='ocrx_word' id='word_1_113' title='bbox 409 1836 464 1903; x_wconf 90' lang='lat' dir='ltr'><strong>ubi</strong></span> <span class='ocrx_word' id='word_1_114' title='bbox 487 1837 641 1905; x_wconf 86' lang='lat' dir='ltr'><strong>subnixus</strong></span> <span class='ocrx_word' id='word_1_115' title='bbox 669 1848 703 1905; x_wconf 90' lang='lat' dir='ltr'><strong>et</strong></span> <span class='ocrx_word' id='word_1_116' title='bbox 729 1838 831 1905; x_wconf 87' lang='lat' dir='ltr'><strong>fidens</strong></span> <span class='ocrx_word' id='word_1_117' title='bbox 859 1839 1058 1908; x_wconf 80' lang='lat' dir='ltr'><strong>innocentiae</strong></span> <span class='ocrx_word' id='word_1_118' title='bbox 1088 1838 1150 1904; x_wconf 84' lang='lat' dir='ltr'><strong>nni-</strong></span> 
     </span>
     <span class='ocr_line' id='line_1_16' title="bbox 52 1940 1196 2033; baseline -0.004 -21"><span class='ocrx_word' id='word_1_119' title='bbox 52 1967 126 2012; x_wconf 88' lang='lat' dir='ltr'><strong>mus</strong></span> <span class='ocrx_word' id='word_1_120' title='bbox 149 1955 243 2026; x_wconf 83' lang='lat' dir='ltr'><strong>esset,</strong></span> <span class='ocrx_word' id='word_1_121' title='bbox 265 1943 452 2033; x_wconf 80' lang='lat' dir='ltr'><strong>quaerebat:</strong></span> <span class='ocrx_word' id='word_1_122' title='bbox 479 1942 539 2008; x_wconf 90' lang='lat' dir='ltr'><strong>sub</strong></span> <span class='ocrx_word' id='word_1_123' title='bbox 562 1940 726 2010; x_wconf 82' lang='lat' dir='ltr'><strong>tribunicio</strong></span> <span class='ocrx_word' id='word_1_124' title='bbox 747 1943 860 2010; x_wconf 89' lang='lat' dir='ltr'><strong>umbra</strong></span> <span class='ocrx_word' id='word_1_125' title='bbox 883 1945 1084 2012; x_wconf 85' lang='lat' dir='ltr'><strong>consularem</strong></span> <span class='ocrx_word' id='word_1_126' title='bbox 1106 1943 1149 2011; x_wconf 87' lang='lat' dir='ltr'><strong>vi·</strong></span> <span class='ocrx_word' id='word_1_127' title='bbox 1163 1953 1196 2008; x_wconf 77' lang='lat'><strong>1⁵</strong></span> 
     </span>
     <span class='ocr_line' id='line_1_17' title="bbox 52 2045 1150 2138; baseline -0.002 -22"><span class='ocrx_word' id='word_1_128' title='bbox 52 2073 125 2116; x_wconf 82' lang='lat' dir='ltr'><strong>mm</strong></span> <span class='ocrx_word' id='word_1_129' title='bbox 147 2048 324 2116; x_wconf 83' lang='lat' dir='ltr'><strong>delituisse:</strong></span> <span class='ocrx_word' id='word_1_130' title='bbox 345 2086 390 2105; x_wconf 71' lang='lat'><strong>—-</strong></span> <span class='ocrx_word' id='word_1_131' title='bbox 411 2047 509 2138; x_wconf 85' lang='lat' dir='ltr'><strong>modo</strong></span> <span class='ocrx_word' id='word_1_132' title='bbox 532 2048 572 2113; x_wconf 85' lang='lat' dir='ltr'><strong>ad</strong></span> <span class='ocrx_word' id='word_1_133' title='bbox 595 2045 734 2137; x_wconf 85' lang='lat' dir='ltr'><strong>collegas</strong></span> <span class='ocrx_word' id='word_1_134' title='bbox 754 2071 837 2131; x_wconf 82' lang='lat' dir='ltr'><strong>„vos</strong></span> <span class='ocrx_word' id='word_1_135' title='bbox 860 2061 982 2133; x_wconf 85' lang='lat' dir='ltr'><strong>eutem,</strong></span> <span class='ocrx_word' id='word_1_136' title='bbox 1011 2051 1038 2118; x_wconf 90' lang='lat' dir='ltr'><strong>si</strong></span> <span class='ocrx_word' id='word_1_137' title='bbox 1059 2071 1150 2116; x_wconf 89' lang='lat' dir='ltr'><strong>reum</strong></span> 
     </span>
     <span class='ocr_line' id='line_1_18' title="bbox 51 2151 1152 2246; baseline 0 -24"><span class='ocrx_word' id='word_1_138' title='bbox 51 2177 171 2246; x_wconf 80' lang='lat' dir='ltr'><strong>perago</strong></span> <span class='ocrx_word' id='word_1_139' title='bbox 192 2153 338 2244; x_wconf 58' lang='lat' dir='ltr'><strong>.-—‘quid</strong></span> <span class='ocrx_word' id='word_1_140' title='bbox 361 2151 460 2238; x_wconf 83' lang='lat' dir='ltr'><strong>acturi</strong></span> <span class='ocrx_word' id='word_1_141' title='bbox 475 2151 570 2220; x_wconf 80' lang='lat' dir='ltr'><strong>estis?</strong></span> <span class='ocrx_word' id='word_1_142' title='bbox 593 2175 633 2217; x_wconf 83' lang='lat' dir='ltr'><strong>en</strong></span> <span class='ocrx_word' id='word_1_143' title='bbox 647 2153 785 2242; x_wconf 83' lang='lat' dir='ltr'><strong>erepturi</strong></span> <span class='ocrx_word' id='word_1_144' title='bbox 806 2152 855 2220; x_wconf 86' lang='lat' dir='ltr'><strong>ius</strong></span> <span class='ocrx_word' id='word_1_145' title='bbox 869 2155 1003 2246; x_wconf 56' lang='lat' dir='ltr'><strong>populo*</strong></span> <span class='ocrx_word' id='word_1_146' title='bbox 1015 2165 1049 2231; x_wconf 81' lang='lat' dir='ltr'><strong>et</strong></span> <span class='ocrx_word' id='word_1_147' title='bbox 1065 2152 1152 2222; x_wconf 73' lang='lat' dir='ltr'><strong>erer-</strong></span> 
     </span>
     <span class='ocr_line' id='line_1_19' title="bbox 53 2256 1153 2348; baseline -0.003 -20"><span class='ocrx_word' id='word_1_148' title='bbox 53 2259 123 2328; x_wconf 85' lang='lat' dir='ltr'><strong>suri</strong></span> <span class='ocrx_word' id='word_1_149' title='bbox 146 2257 345 2326; x_wconf 84' lang='lat' dir='ltr'><strong>tribuniciam</strong></span> <span class='ocrx_word' id='word_1_150' title='bbox 370 2267 563 2348; x_wconf 83' lang='lat' dir='ltr'><strong>potestatem</strong></span> <span class='ocrx_word' id='word_1_151' title='bbox 591 2256 739 2346; x_wconf 65' lang='lat' dir='ltr'><strong>plebist‘t</strong></span> <span class='ocrx_word' id='word_1_152' title='bbox 774 2283 848 2326; x_wconf 87' lang='lat' dir='ltr'><strong>cum</strong></span> <span class='ocrx_word' id='word_1_153' title='bbox 875 2257 920 2325; x_wconf 88' lang='lat' dir='ltr'><strong>illi</strong></span> <span class='ocrx_word' id='word_1_154' title='bbox 948 2260 1042 2328; x_wconf 85' lang='lat' dir='ltr'><strong>etde</strong></span> <span class='ocrx_word' id='word_1_155' title='bbox 1064 2260 1153 2326; x_wconf 89' lang='lat' dir='ltr'><strong>Sem-</strong></span> 
     </span>
    </p>
   </div>
   <div class='ocr_carea' id='block_1_3' title="bbox 54 2362 1278 2568">
    <p class='ocr_par' dir='ltr' id='par_1_4' title="bbox 54 2362 1278 2568">
     <span class='ocr_line' id='line_1_20' title="bbox 54 2362 1154 2456; baseline 0 -27"><span class='ocrx_word' id='word_1_156' title='bbox 54 2364 169 2456; x_wconf 87' lang='lat' dir='ltr'><strong>pronio</strong></span> <span class='ocrx_word' id='word_1_157' title='bbox 192 2373 226 2428; x_wconf 88' lang='lat' dir='ltr'><strong>et</strong></span> <span class='ocrx_word' id='word_1_158' title='bbox 254 2363 293 2434; x_wconf 90' lang='lat' dir='ltr'><strong>de</strong></span> <span class='ocrx_word' id='word_1_159' title='bbox 320 2362 467 2430; x_wconf 88' lang='lat' dir='ltr'><strong>omnibus</strong></span> <span class='ocrx_word' id='word_1_160' title='bbox 489 2375 649 2427; x_wconf 83' lang='lat' dir='ltr'><strong>stunmem</strong></span> <span class='ocrx_word' id='word_1_161' title='bbox 670 2362 782 2452; x_wconf 91' lang='lat' dir='ltr'><strong>populi</strong></span> <span class='ocrx_word' id='word_1_162' title='bbox 804 2363 940 2430; x_wconf 83' lang='lat' dir='ltr'><strong>Romani</strong></span> <span class='ocrx_word' id='word_1_163' title='bbox 961 2375 1154 2454; x_wconf 78' lang='lat' dir='ltr'><strong>potestatem</strong></span> 
     </span>
     <span class='ocr_line' id='line_1_21' title="bbox 54 2454 1278 2568; baseline -0.005 -33"><span class='ocrx_word' id='word_1_164' title='bbox 54 2491 127 2548; x_wconf 81' lang='lat' dir='ltr'><strong>esse</strong></span> <span class='ocrx_word' id='word_1_165' title='bbox 149 2466 290 2550; x_wconf 83' lang='lat' dir='ltr'><strong>dicerent</strong></span> <span class='ocrx_word' id='word_1_166' title='bbox 309 2490 371 2534; x_wconf 87' lang='lat' dir='ltr'><strong>nec</strong></span> <span class='ocrx_word' id='word_1_167' title='bbox 400 2489 435 2542; x_wconf 84' lang='lat' dir='ltr'><strong>se</strong></span> <span class='ocrx_word' id='word_1_168' title='bbox 462 2463 612 2566; x_wconf 86' lang='lat' dir='ltr'><strong>iudicium</strong></span> <span class='ocrx_word' id='word_1_169' title='bbox 639 2465 750 2556; x_wconf 89' lang='lat' dir='ltr'><strong>populi</strong></span> <span class='ocrx_word' id='word_1_170' title='bbox 776 2466 889 2568; x_wconf 82' lang='lat' dir='ltr'><strong>tollere</strong></span> <span class='ocrx_word' id='word_1_171' title='bbox 917 2477 972 2542; x_wconf 77' lang='lat' dir='ltr'><strong>eut</strong></span> <span class='ocrx_word' id='word_1_172' title='bbox 993 2465 1076 2534; x_wconf 89' lang='lat' dir='ltr'><strong>velle</strong></span> <span class='ocrx_word' id='word_1_173' title='bbox 1099 2454 1207 2538; x_wconf 82' lang='lat' dir='ltr'><strong>autre</strong></span> <span class='ocrx_word' id='word_1_174' title='bbox 1275 2544 1278 2551; x_wconf 27' lang='grc' dir='ltr'>Ι</span> 
     </span>
    </p>
   </div>
   <div class='ocr_carea' id='block_1_4' title="bbox 23 2691 578 3816">
    <p class='ocr_par' dir='ltr' id='par_1_5' title="bbox 76 2691 574 3208">
     <span class='ocr_line' id='line_1_22' title="bbox 76 2691 571 2772; baseline -0.01 -19"><span class='ocrx_word' id='word_1_175' title='bbox 76 2701 101 2756; x_wconf 85' lang='lat'><strong>1.</strong></span> <span class='ocrx_word' id='word_1_176' title='bbox 112 2715 173 2772; x_wconf 61' lang='lat' dir='ltr'><strong>vpro</strong></span> <span class='ocrx_word' id='word_1_177' title='bbox 191 2693 426 2753; x_wconf 53' lang='grc' dir='ltr'><strong>εενιέιινιόιήὂιω.ι</strong></span> <span class='ocrx_word' id='word_1_178' title='bbox 442 2692 499 2752; x_wconf 89' lang='grc' dir='ltr'><strong>ΡΜ</strong></span> <span class='ocrx_word' id='word_1_179' title='bbox 523 2691 571 2750; x_wconf 83' lang='lat' dir='ltr'><strong>Sic</strong></span> 
     </span>
     <span class='ocr_line' id='line_1_23' title="bbox 122 2780 573 2866; baseline -0.011 -26"><span class='ocrx_word' id='word_1_180' title='bbox 122 2783 287 2862; x_wconf 77' lang='lat' dir='ltr'><strong>Tempanius</strong></span> <span class='ocrx_word' id='word_1_181' title='bbox 316 2781 362 2866; x_wconf 71' lang='lat' dir='ltr'><strong>(l,</strong></span> <span class='ocrx_word' id='word_1_182' title='bbox 384 2782 444 2851; x_wconf 78' lang='lat'><strong>38.)</strong></span> <span class='ocrx_word' id='word_1_183' title='bbox 468 2780 573 2838; x_wconf 78' lang='lat' dir='ltr'><strong>dixerut</strong></span> 
     </span>
     <span class='ocr_line' id='line_1_24' title="bbox 122 2868 572 2944; baseline -0.013 -14"><span class='ocrx_word' id='word_1_184' title='bbox 122 2868 572 2944; x_wconf 71' lang='lat' dir='ltr'><strong>„ostenditeuequeequitibusvm</strong></span> 
     </span>
     <span class='ocr_line' id='line_1_25' title="bbox 119 2956 573 3034; baseline -0.015 -17"><span class='ocrx_word' id='word_1_185' title='bbox 119 2961 162 3016; x_wconf 86' lang='lat' dir='ltr'><strong>bis</strong></span> <span class='ocrx_word' id='word_1_186' title='bbox 176 2957 245 3016; x_wconf 83' lang='lat' dir='ltr'><strong>ullos</strong></span> <span class='ocrx_word' id='word_1_187' title='bbox 259 2957 362 3034; x_wconf 74' lang='lat' dir='ltr'><strong>equites</strong></span> <span class='ocrx_word' id='word_1_188' title='bbox 376 2975 426 3012; x_wconf 86' lang='lat' dir='ltr'><strong>uec</strong></span> <span class='ocrx_word' id='word_1_189' title='bbox 437 2956 573 3034; x_wconf 84' lang='lat' dir='ltr'><strong>peditibus</strong></span> 
     </span>
     <span class='ocr_line' id='line_1_26' title="bbox 121 3042 574 3122; baseline -0.013 -18"><span class='ocrx_word' id='word_1_190' title='bbox 121 3067 181 3110; x_wconf 84' lang='lat' dir='ltr'><strong>esse</strong></span> <span class='ocrx_word' id='word_1_191' title='bbox 197 3045 302 3122; x_wconf 87' lang='lat' dir='ltr'><strong>pedites</strong></span> <span class='ocrx_word' id='word_1_192' title='bbox 314 3048 430 3122; x_wconf 76' lang='lat' dir='ltr'><strong>pares“,</strong></span> <span class='ocrx_word' id='word_1_193' title='bbox 456 3065 516 3104; x_wconf 86' lang='lat' dir='ltr'><strong>eum</strong></span> <span class='ocrx_word' id='word_1_194' title='bbox 534 3042 574 3100; x_wconf 90' lang='lat' dir='ltr'><strong>illi</strong></span> 
     </span>
     <span class='ocr_line' id='line_1_27' title="bbox 120 3132 564 3208; baseline 0.002 -18"><span class='ocrx_word' id='word_1_195' title='bbox 120 3134 240 3208; x_wconf 83' lang='lat' dir='ltr'><strong>peditum</strong></span> <span class='ocrx_word' id='word_1_196' title='bbox 256 3153 367 3189; x_wconf 88' lang='lat' dir='ltr'><strong>munere</strong></span> <span class='ocrx_word' id='word_1_197' title='bbox 384 3132 564 3206; x_wconf 83' lang='lat' dir='ltr'><strong>iungerentur.</strong></span> 
     </span>
    </p>

    <p class='ocr_par' dir='ltr' id='par_1_6' title="bbox 78 3217 578 3556">
     <span class='ocr_line' id='line_1_28' title="bbox 78 3217 575 3295; baseline 0 -20"><span class='ocrx_word' id='word_1_198' title='bbox 78 3223 104 3278; x_wconf 88' lang='grc'><strong>3.</strong></span> <span class='ocrx_word' id='word_1_199' title='bbox 124 3219 295 3293; x_wconf 75' lang='lat' dir='ltr'><strong>Semproni.-</strong></span> <span class='ocrx_word' id='word_1_200' title='bbox 322 3217 387 3289; x_wconf 84' lang='grc' dir='ltr'><strong>ΡΜ]</strong></span> <span class='ocrx_word' id='word_1_201' title='bbox 413 3219 575 3295; x_wconf 81' lang='lat' dir='ltr'><strong>Sempronii.</strong></span> 
     </span>
     <span class='ocr_line' id='line_1_29' title="bbox 125 3300 576 3384; baseline 0 -24"><span class='ocrx_word' id='word_1_202' title='bbox 125 3338 159 3349; x_wconf 89' lang='lat'><em>-</em></span> <span class='ocrx_word' id='word_1_203' title='bbox 181 3300 243 3360; x_wconf 78' lang='lat' dir='ltr'><strong>Pit:</strong></span> <span class='ocrx_word' id='word_1_204' title='bbox 270 3305 289 3362; x_wconf 94' lang='lat' dir='ltr'><strong>l.</strong></span> <span class='ocrx_word' id='word_1_205' title='bbox 307 3304 433 3370; x_wconf 84' lang='lat' dir='ltr'><strong>manilius</strong></span> <span class='ocrx_word' id='word_1_206' title='bbox 456 3303 576 3384; x_wconf 81' lang='lat' dir='ltr'><strong>capitoli·</strong></span> 
     </span>
     <span class='ocr_line' id='line_1_30' title="bbox 126 3385 576 3476; baseline -0.004 -29"><span class='ocrx_word' id='word_1_207' title='bbox 126 3410 185 3449; x_wconf 88' lang='lat' dir='ltr'><strong>nus.</strong></span> <span class='ocrx_word' id='word_1_208' title='bbox 204 3389 248 3448; x_wconf 85' lang='lat' dir='ltr'><strong>Cf.</strong></span> <span class='ocrx_word' id='word_1_209' title='bbox 266 3392 293 3457; x_wconf 71' lang='lat'><strong>2,</strong></span> <span class='ocrx_word' id='word_1_210' title='bbox 311 3391 355 3448; x_wconf 70' lang='lat'><strong>54.</strong></span> <span class='ocrx_word' id='word_1_211' title='bbox 378 3421 411 3430; x_wconf 89' lang='lat'><em>-</em></span> <span class='ocrx_word' id='word_1_212' title='bbox 438 3389 474 3447; x_wconf 84' lang='lat' dir='ltr'><strong>P:</strong></span> <span class='ocrx_word' id='word_1_213' title='bbox 493 3385 512 3448; x_wconf 94' lang='lat' dir='ltr'><strong>l.</strong></span> <span class='ocrx_word' id='word_1_214' title='bbox 529 3411 576 3476; x_wconf 78' lang='lat' dir='ltr'><strong>pe·</strong></span> 
     </span>
     <span class='ocr_line' id='line_1_31' title="bbox 125 3470 578 3556; baseline -0.004 -22"><span class='ocrx_word' id='word_1_215' title='bbox 125 3480 220 3556; x_wconf 82' lang='lat' dir='ltr'><strong>pyrius</strong></span> <span class='ocrx_word' id='word_1_216' title='bbox 238 3475 405 3550; x_wconf 77' lang='lat' dir='ltr'><strong>mugilianus.</strong></span> <span class='ocrx_word' id='word_1_217' title='bbox 436 3477 477 3534; x_wconf 75' lang='grc' dir='ltr'><strong>Με</strong></span> <span class='ocrx_word' id='word_1_218' title='bbox 495 3477 513 3535; x_wconf 92' lang='lat' dir='ltr'><strong>l.</strong></span> <span class='ocrx_word' id='word_1_219' title='bbox 530 3470 578 3555; x_wconf 73' lang='lat' dir='ltr'><strong>pi·</strong></span> 
     </span>
    </p>

    <p class='ocr_par' dir='ltr' id='par_1_7' title="bbox 23 3563 578 3729">
     <span class='ocr_line' id='line_1_32' title="bbox 23 3563 578 3644; baseline -0.005 -21"><span class='ocrx_word' id='word_1_220' title='bbox 23 3595 29 3604; x_wconf 87' lang='lat'><strong>·</strong></span> <span class='ocrx_word' id='word_1_221' title='bbox 124 3565 211 3644; x_wconf 80' lang='lat' dir='ltr'><strong>pitius</strong></span> <span class='ocrx_word' id='word_1_222' title='bbox 223 3563 390 3640; x_wconf 80' lang='lat' dir='ltr'><strong>mugilianus.</strong></span> <span class='ocrx_word' id='word_1_223' title='bbox 411 3563 490 3622; x_wconf 86' lang='lat' dir='ltr'><strong>Voss.</strong></span> <span class='ocrx_word' id='word_1_224' title='bbox 501 3583 519 3623; x_wconf 90' lang='lat' dir='ltr'><strong>r.</strong></span> <span class='ocrx_word' id='word_1_225' title='bbox 531 3564 578 3624; x_wconf 79' lang='lat' dir='ltr'><strong>al:</strong></span> 
     </span>
     <span class='ocr_line' id='line_1_33' title="bbox 125 3650 509 3729; baseline -0.003 -19"><span class='ocrx_word' id='word_1_226' title='bbox 125 3651 285 3729; x_wconf 78' lang='lat' dir='ltr'><strong>mugilanus.</strong></span> <span class='ocrx_word' id='word_1_227' title='bbox 316 3650 359 3711; x_wconf 84' lang='lat' dir='ltr'><strong>Cl.</strong></span> <span class='ocrx_word' id='word_1_228' title='bbox 377 3652 403 3720; x_wconf 76' lang='lat'><strong>4,</strong></span> <span class='ocrx_word' id='word_1_229' title='bbox 422 3655 447 3710; x_wconf 88' lang='grc'><strong>7.</strong></span> <span class='ocrx_word' id='word_1_230' title='bbox 465 3653 509 3710; x_wconf 82' lang='lat'><strong>3⁰.</strong></span> 
     </span>
    </p>

    <p class='ocr_par' dir='ltr' id='par_1_8' title="bbox 81 3737 561 3816">
     <span class='ocr_line' id='line_1_34' title="bbox 81 3737 561 3816; baseline 0.004 -21"><span class='ocrx_word' id='word_1_231' title='bbox 81 3741 108 3798; x_wconf 83' lang='lat'><strong>6.</strong></span> <span class='ocrx_word' id='word_1_232' title='bbox 126 3741 160 3798; x_wconf 92' lang='lat' dir='ltr'><strong>L.</strong></span> <span class='ocrx_word' id='word_1_233' title='bbox 178 3737 360 3798; x_wconf 67' lang='lat' dir='ltr'><strong>Hortensius</strong></span> <span class='ocrx_word' id='word_1_234' title='bbox 377 3745 414 3798; x_wconf 68' lang='lat' dir='ltr'><strong>tr.</strong></span> <span class='ocrx_word' id='word_1_235' title='bbox 429 3740 487 3816; x_wconf 64' lang='lat' dir='ltr'><strong>rid:</strong></span> <span class='ocrx_word' id='word_1_236' title='bbox 505 3737 561 3798; x_wconf 81' lang='grc' dir='ltr'><strong>ΡΜ.</strong></span> 
     </span>
    </p>
   </div>
   <div class='ocr_carea' id='block_1_5' title="bbox 82 3825 611 3913">
    <p class='ocr_par' dir='ltr' id='par_1_9' title="bbox 82 3825 611 3913">
     <span class='ocr_line' id='line_1_35' title="bbox 82 3825 611 3913; baseline -0.008 -29"><span class='ocrx_word' id='word_1_237' title='bbox 82 3828 307 3913; x_wconf 45' lang='lat' dir='ltr'><strong>&amp;imputante</strong></span> <span class='ocrx_word' id='word_1_238' title='bbox 322 3832 404 3903; x_wconf 67' lang='lat' dir='ltr'><strong>paim</strong></span> <span class='ocrx_word' id='word_1_239' title='bbox 428 3825 459 3886; x_wconf 85' lang='lat' dir='ltr'><strong>P.</strong></span> <span class='ocrx_word' id='word_1_240' title='bbox 485 3858 518 3873; x_wconf 83' lang='lat'><strong>-··</strong></span> <span class='ocrx_word' id='word_1_241' title='bbox 540 3825 579 3884; x_wconf 79' lang='lat' dir='ltr'><strong>tt:</strong></span> <span class='ocrx_word' id='word_1_242' title='bbox 607 3873 611 3880; x_wconf 91' lang='lat'><strong>.</strong></span> 
     </span>
    </p>
   </div>
   <div class='ocr_carea' id='block_1_6' title="bbox 68 3915 582 4252">
    <p class='ocr_par' dir='ltr' id='par_1_10' title="bbox 127 3915 360 3993">
     <span class='ocr_line' id='line_1_36' title="bbox 127 3915 360 3993; baseline 0.021 -24"><span class='ocrx_word' id='word_1_243' title='bbox 127 3915 301 3990; x_wconf 75' lang='lat' dir='ltr'><strong>inspectante.</strong></span> <span class='ocrx_word' id='word_1_244' title='bbox 319 3921 360 3993; x_wconf 78' lang='lat' dir='ltr'><strong>pr.</strong></span> 
     </span>
    </p>

    <p class='ocr_par' dir='ltr' id='par_1_11' title="bbox 68 4001 582 4252">
     <span class='ocr_line' id='line_1_37' title="bbox 68 4001 580 4078; baseline 0 -20"><span class='ocrx_word' id='word_1_245' title='bbox 68 4003 110 4060; x_wconf 69' lang='lat'><strong>12</strong></span> <span class='ocrx_word' id='word_1_246' title='bbox 129 4019 207 4078; x_wconf 73' lang='lat' dir='ltr'><strong>quoe</strong></span> <span class='ocrx_word' id='word_1_247' title='bbox 230 4002 263 4058; x_wconf 84' lang='lat' dir='ltr'><strong>io</strong></span> <span class='ocrx_word' id='word_1_248' title='bbox 283 4003 409 4076; x_wconf 77' lang='lat' dir='ltr'><strong>speeiem</strong></span> <span class='ocrx_word' id='word_1_249' title='bbox 430 4001 520 4058; x_wconf 81' lang='lat' dir='ltr'><strong>modo</strong></span> <span class='ocrx_word' id='word_1_250' title='bbox 539 4003 580 4057; x_wconf 79' lang='lat' dir='ltr'><strong>r&#39;o·</strong></span> 
     </span>
     <span class='ocr_line' id='line_1_38' title="bbox 112 4087 582 4165; baseline 0.004 -23"><span class='ocrx_word' id='word_1_251' title='bbox 112 4095 263 4148; x_wconf 61' lang='lat' dir='ltr'><strong>stomun.</strong></span> <span class='ocrx_word' id='word_1_252' title='bbox 277 4087 308 4146; x_wconf 88' lang='lat' dir='ltr'><strong>P.</strong></span> <span class='ocrx_word' id='word_1_253' title='bbox 335 4117 371 4132; x_wconf 91' lang='lat'><em>-</em></span> <span class='ocrx_word' id='word_1_254' title='bbox 397 4087 437 4145; x_wconf 83' lang='lat' dir='ltr'><strong>ll:</strong></span> <span class='ocrx_word' id='word_1_255' title='bbox 460 4108 529 4165; x_wconf 78' lang='lat' dir='ltr'><strong>queo</strong></span> <span class='ocrx_word' id='word_1_256' title='bbox 552 4089 582 4144; x_wconf 89' lang='lat' dir='ltr'><strong>iu</strong></span> 
     </span>
     <span class='ocr_line' id='line_1_39' title="bbox 126 4173 549 4252; baseline 0.005 -20"><span class='ocrx_word' id='word_1_257' title='bbox 126 4177 222 4252; x_wconf 76' lang='lat' dir='ltr'><strong>pacior</strong></span> <span class='ocrx_word' id='word_1_258' title='bbox 237 4178 243 4248; x_wconf 84' lang='grc' dir='ltr'>Ι</span> <span class='ocrx_word' id='word_1_259' title='bbox 258 4174 294 4234; x_wconf 91' lang='lat' dir='ltr'><strong>do</strong></span> <span class='ocrx_word' id='word_1_260' title='bbox 311 4173 395 4234; x_wconf 80' lang='lat' dir='ltr'><strong>modo</strong></span> <span class='ocrx_word' id='word_1_261' title='bbox 409 4177 549 4252; x_wconf 59' lang='lat' dir='ltr'><strong>iactentur.</strong></span> 
     </span>
    </p>
   </div>
   <div class='ocr_carea' id='block_1_7' title="bbox 635 2691 1154 2842">
    <p class='ocr_par' dir='ltr' id='par_1_12' title="bbox 635 2691 1154 2842">
     <span class='ocr_line' id='line_1_40' title="bbox 635 2691 1154 2771; baseline 0.006 -24"><span class='ocrx_word' id='word_1_262' title='bbox 635 2693 685 2752; x_wconf 75' lang='lat' dir='ltr'><strong>dl.</strong></span> <span class='ocrx_word' id='word_1_263' title='bbox 704 2693 754 2750; x_wconf 80' lang='lat' dir='ltr'><strong>ubi</strong></span> <span class='ocrx_word' id='word_1_264' title='bbox 765 2695 913 2752; x_wconf 70' lang='lat' dir='ltr'><strong>subnixus</strong></span> <span class='ocrx_word' id='word_1_265' title='bbox 923 2694 1079 2771; x_wconf 73' lang='lat' dir='ltr'><strong>etfidenss</strong></span> <span class='ocrx_word' id='word_1_266' title='bbox 1089 2691 1154 2766; x_wconf 91' lang='grc' dir='ltr'><strong>ΡΜ]</strong></span> 
     </span>
     <span class='ocr_line' id='line_1_41' title="bbox 704 2780 1029 2842; baseline 0.006 -6"><span class='ocrx_word' id='word_1_267' title='bbox 704 2780 751 2836; x_wconf 90' lang='lat' dir='ltr'><strong>ubi</strong></span> <span class='ocrx_word' id='word_1_268' title='bbox 769 2781 896 2840; x_wconf 86' lang='lat' dir='ltr'><strong>subnisus</strong></span> <span class='ocrx_word' id='word_1_269' title='bbox 914 2792 964 2842; x_wconf 84' lang='lat' dir='ltr'><strong>eet.</strong></span> <span class='ocrx_word' id='word_1_270' title='bbox 1025 2815 1029 2822; x_wconf 89' lang='lat'><strong>.</strong></span> 
     </span>
    </p>
   </div>
   <div class='ocr_carea' id='block_1_8' title="bbox 644 2889 1160 3232">
    <p class='ocr_par' dir='ltr' id='par_1_13' title="bbox 644 2889 1160 3232">
     <span class='ocr_line' id='line_1_42' title="bbox 644 2889 1156 2974; baseline 0.018 -32"><span class='ocrx_word' id='word_1_271' title='bbox 644 2889 687 2946; x_wconf 81' lang='lat'><strong>16.</strong></span> <span class='ocrx_word' id='word_1_272' title='bbox 705 2890 793 2948; x_wconf 84' lang='lat' dir='ltr'><strong>modo</strong></span> <span class='ocrx_word' id='word_1_273' title='bbox 817 2892 862 2948; x_wconf 82' lang='lat' dir='ltr'><strong>od</strong></span> <span class='ocrx_word' id='word_1_274' title='bbox 885 2893 1034 2974; x_wconf 69' lang='lat' dir='ltr'><strong>collegae.-</strong></span> <span class='ocrx_word' id='word_1_275' title='bbox 1060 2889 1091 2956; x_wconf 86' lang='lat' dir='ltr'><strong>P.</strong></span> <span class='ocrx_word' id='word_1_276' title='bbox 1122 2923 1156 2934; x_wconf 90' lang='lat'><em>-</em></span> 
     </span>
     <span class='ocr_line' id='line_1_43' title="bbox 705 2975 1158 3057; baseline 0.009 -23"><span class='ocrx_word' id='word_1_277' title='bbox 705 2975 745 3034; x_wconf 85' lang='lat' dir='ltr'><strong>tt:</strong></span> <span class='ocrx_word' id='word_1_278' title='bbox 769 2978 850 3046; x_wconf 87' lang='lat' dir='ltr'><strong>modo</strong></span> <span class='ocrx_word' id='word_1_279' title='bbox 868 2979 902 3044; x_wconf 78' lang='lat' dir='ltr'><strong>nd</strong></span> <span class='ocrx_word' id='word_1_280' title='bbox 921 2981 1089 3057; x_wconf 70' lang='lat' dir='ltr'><strong>collegeuos</strong></span> <span class='ocrx_word' id='word_1_281' title='bbox 1107 2981 1158 3052; x_wconf 70' lang='lat' dir='ltr'><strong>obl</strong></span> 
     </span>
     <span class='ocr_line' id='line_1_44' title="bbox 706 3067 1160 3148; baseline -0.002 -26"><span class='ocrx_word' id='word_1_282' title='bbox 706 3067 731 3122; x_wconf 80' lang='lat' dir='ltr'><strong>si</strong></span> <span class='ocrx_word' id='word_1_283' title='bbox 748 3085 838 3124; x_wconf 86' lang='lat' dir='ltr'><strong>rerum</strong></span> <span class='ocrx_word' id='word_1_284' title='bbox 854 3088 1009 3148; x_wconf 63' lang='lat' dir='ltr'><strong>perego.·-</strong></span> <span class='ocrx_word' id='word_1_285' title='bbox 1026 3067 1061 3126; x_wconf 91' lang='lat' dir='ltr'><strong>P:</strong></span> <span class='ocrx_word' id='word_1_286' title='bbox 1080 3070 1105 3123; x_wconf 87' lang='lat' dir='ltr'><strong>si</strong></span> <span class='ocrx_word' id='word_1_287' title='bbox 1117 3086 1160 3122; x_wconf 72' lang='lat' dir='ltr'><strong>ro«</strong></span> 
     </span>
     <span class='ocr_line' id='line_1_45' title="bbox 707 3147 1106 3232; baseline 0.008 -22"><span class='ocrx_word' id='word_1_288' title='bbox 707 3173 768 3211; x_wconf 87' lang='lat' dir='ltr'><strong>rum</strong></span> <span class='ocrx_word' id='word_1_289' title='bbox 785 3175 891 3232; x_wconf 86' lang='lat' dir='ltr'><strong>perago.</strong></span> <span class='ocrx_word' id='word_1_290' title='bbox 912 3147 948 3216; x_wconf 53' lang='lat' dir='ltr'><strong>ml</strong></span> <span class='ocrx_word' id='word_1_291' title='bbox 966 3159 1004 3216; x_wconf 56' lang='grc' dir='ltr'><strong>Ἅι</strong></span> <span class='ocrx_word' id='word_1_292' title='bbox 1023 3175 1106 3220; x_wconf 83' lang='lat' dir='ltr'><strong>reorn.</strong></span> 
     </span>
    </p>
   </div>
   <div class='ocr_carea' id='block_1_9' title="bbox 648 3243 1242 3432">
    <p class='ocr_par' dir='ltr' id='par_1_14' title="bbox 648 3243 1242 3432">
     <span class='ocr_line' id='line_1_46' title="bbox 648 3243 1242 3342; baseline 0 -22"><span class='ocrx_word' id='word_1_293' title='bbox 648 3267 691 3330; x_wconf 66' lang='lat' dir='ltr'><strong>ll.</strong></span> <span class='ocrx_word' id='word_1_294' title='bbox 708 3285 749 3334; x_wconf 78' lang='lat' dir='ltr'><strong>arr</strong></span> <span class='ocrx_word' id='word_1_295' title='bbox 766 3270 897 3340; x_wconf 77' lang='lat' dir='ltr'><strong>erepturi</strong></span> <span class='ocrx_word' id='word_1_296' title='bbox 917 3269 965 3334; x_wconf 79' lang='lat' dir='ltr'><strong>ius</strong></span> <span class='ocrx_word' id='word_1_297' title='bbox 983 3267 1112 3342; x_wconf 76' lang='lat' dir='ltr'><strong>populo:</strong></span> <span class='ocrx_word' id='word_1_298' title='bbox 1129 3262 1159 3322; x_wconf 87' lang='lat' dir='ltr'><strong>P.</strong></span> <span class='ocrx_word' id='word_1_299' title='bbox 1241 3243 1242 3250; x_wconf 8' lang='grc' dir='ltr'>ἵ</span> 
     </span>
     <span class='ocr_line' id='line_1_47' title="bbox 709 3349 982 3432; baseline -0.004 -24"><span class='ocrx_word' id='word_1_300' title='bbox 709 3384 743 3394; x_wconf 90' lang='lat'><em>-</em></span> <span class='ocrx_word' id='word_1_301' title='bbox 761 3349 802 3408; x_wconf 79' lang='lat' dir='ltr'><strong>tl:</strong></span> <span class='ocrx_word' id='word_1_302' title='bbox 819 3354 862 3409; x_wconf 88' lang='lat' dir='ltr'><strong>ius</strong></span> <span class='ocrx_word' id='word_1_303' title='bbox 879 3351 982 3432; x_wconf 82' lang='lat' dir='ltr'><strong>populi.</strong></span> 
     </span>
    </p>
   </div>
   <div class='ocr_carea' id='block_1_10' title="bbox 660 3473 1176 3901">
    <p class='ocr_par' dir='ltr' id='par_1_15' title="bbox 660 3473 1176 3901">
     <span class='ocr_line' id='line_1_48' title="bbox 660 3473 1162 3550; baseline -0.004 -18"><span class='ocrx_word' id='word_1_304' title='bbox 660 3501 695 3518; x_wconf 89' lang='lat'>-</span> <span class='ocrx_word' id='word_1_305' title='bbox 714 3482 743 3531; x_wconf 77' lang='lat' dir='ltr'><strong>et</strong></span> <span class='ocrx_word' id='word_1_306' title='bbox 759 3475 896 3531; x_wconf 79' lang='lat' dir='ltr'><strong>euersuri</strong></span> <span class='ocrx_word' id='word_1_307' title='bbox 910 3473 1096 3530; x_wconf 77' lang='lat' dir='ltr'><strong>tribuniciam</strong></span> <span class='ocrx_word' id='word_1_308' title='bbox 1110 3493 1162 3550; x_wconf 86' lang='lat' dir='ltr'><strong>po·</strong></span> 
     </span>
     <span class='ocr_line' id='line_1_49' title="bbox 711 3559 1162 3639; baseline 0 -23"><span class='ocrx_word' id='word_1_309' title='bbox 711 3569 847 3618; x_wconf 78' lang='lat' dir='ltr'><strong>testatem</strong></span> <span class='ocrx_word' id='word_1_310' title='bbox 867 3561 909 3637; x_wconf 70' lang='lat' dir='ltr'><strong>pl.</strong></span> <span class='ocrx_word' id='word_1_311' title='bbox 931 3559 975 3628; x_wconf 90' lang='lat' dir='ltr'><strong>(b.</strong></span> <span class='ocrx_word' id='word_1_312' title='bbox 999 3581 1022 3619; x_wconf 86' lang='lat' dir='ltr'><strong>c.</strong></span> <span class='ocrx_word' id='word_1_313' title='bbox 1039 3559 1162 3639; x_wconf 76' lang='lat' dir='ltr'><strong>plebis)=</strong></span> 
     </span>
     <span class='ocr_line' id='line_1_50' title="bbox 711 3647 1164 3718; baseline -0.004 -13"><span class='ocrx_word' id='word_1_314' title='bbox 711 3647 739 3705; x_wconf 88' lang='grc' dir='ltr'><strong>Μ</strong></span> <span class='ocrx_word' id='word_1_315' title='bbox 757 3648 817 3718; x_wconf 80' lang='lat' dir='ltr'><strong>cod.¹</strong></span> <span class='ocrx_word' id='word_1_316' title='bbox 835 3647 921 3706; x_wconf 70' lang='lat' dir='ltr'><strong>llbeu.</strong></span> <span class='ocrx_word' id='word_1_317' title='bbox 931 3679 969 3693; x_wconf 79' lang='lat'><strong>—-</strong></span> <span class='ocrx_word' id='word_1_318' title='bbox 985 3647 1076 3708; x_wconf 74' lang='lat' dir='ltr'><strong>blinds</strong></span> <span class='ocrx_word' id='word_1_319' title='bbox 1090 3656 1164 3704; x_wconf 85' lang='lat' dir='ltr'><strong>reete</strong></span> 
     </span>
     <span class='ocr_line' id='line_1_51' title="bbox 713 3735 1176 3813; baseline -0.006 -20"><span class='ocrx_word' id='word_1_320' title='bbox 713 3735 743 3793; x_wconf 86' lang='lat' dir='ltr'><strong>in</strong></span> <span class='ocrx_word' id='word_1_321' title='bbox 764 3735 786 3792; x_wconf 92' lang='lat' dir='ltr'><strong>P</strong></span> <span class='ocrx_word' id='word_1_322' title='bbox 808 3739 937 3813; x_wconf 85' lang='lat' dir='ltr'><strong>seriptum</strong></span> <span class='ocrx_word' id='word_1_323' title='bbox 960 3746 1002 3800; x_wconf 80' lang='lat' dir='ltr'><strong>ost</strong></span> <span class='ocrx_word' id='word_1_324' title='bbox 1023 3743 1176 3813; x_wconf 44' lang='lat' dir='ltr'><strong>„potesta-l</strong></span> 
     </span>
     <span class='ocr_line' id='line_1_52' title="bbox 710 3823 1166 3901; baseline 0 -23"><span class='ocrx_word' id='word_1_325' title='bbox 710 3831 774 3881; x_wconf 85' lang='lat' dir='ltr'><strong>tem.</strong></span> <span class='ocrx_word' id='word_1_326' title='bbox 791 3829 856 3901; x_wconf 85' lang='lat' dir='ltr'><strong>pr.“</strong></span> <span class='ocrx_word' id='word_1_327' title='bbox 873 3833 907 3870; x_wconf 61' lang='grc' dir='ltr'><strong>-ὲ</strong></span> <span class='ocrx_word' id='word_1_328' title='bbox 935 3823 955 3883; x_wconf 93' lang='lat' dir='ltr'><strong>l.</strong></span> <span class='ocrx_word' id='word_1_329' title='bbox 973 3823 1019 3882; x_wconf 84' lang='lat' dir='ltr'><strong>Fr.</strong></span> <span class='ocrx_word' id='word_1_330' title='bbox 1036 3823 1120 3881; x_wconf 82' lang='lat' dir='ltr'><strong>Grou.</strong></span> <span class='ocrx_word' id='word_1_331' title='bbox 1139 3832 1166 3878; x_wconf 87' lang='lat' dir='ltr'><strong>et</strong></span> 
     </span>
    </p>
   </div>
   <div class='ocr_carea' id='block_1_11' title="bbox 712 3907 1324 3979">
    <p class='ocr_par' dir='ltr' id='par_1_16' title="bbox 712 3907 1324 3979">
     <span class='ocr_line' id='line_1_53' title="bbox 712 3907 1324 3979; baseline -0.007 -11"><span class='ocrx_word' id='word_1_332' title='bbox 712 3907 1013 3968; x_wconf 71' lang='lat' dir='ltr'><strong>Drakenborebius&#39;boo</strong></span> <span class='ocrx_word' id='word_1_333' title='bbox 1031 3909 1098 3979; x_wconf 82' lang='lat' dir='ltr'><strong>„PL</strong></span> <span class='ocrx_word' id='word_1_334' title='bbox 1106 3915 1123 3942; x_wconf 91' lang='lat'>“</span> <span class='ocrx_word' id='word_1_335' title='bbox 1137 3911 1165 3968; x_wconf 87' lang='lat' dir='ltr'><strong>in</strong></span> <span class='ocrx_word' id='word_1_336' title='bbox 1285 3946 1287 3956; x_wconf 70' lang='lat'><strong>.</strong></span> <span class='ocrx_word' id='word_1_337' title='bbox 1322 3915 1324 3922; x_wconf 81' lang='grc'>’</span> 
     </span>
    </p>
   </div>
   <div class='ocr_carea' id='block_1_12' title="bbox 689 3997 1168 4248">
    <p class='ocr_par' dir='ltr' id='par_1_17' title="bbox 689 3997 1168 4248">
     <span class='ocr_line' id='line_1_54' title="bbox 713 3997 1167 4076; baseline 0 -22"><span class='ocrx_word' id='word_1_338' title='bbox 713 3997 787 4054; x_wconf 91' lang='lat' dir='ltr'><strong>nullo</strong></span> <span class='ocrx_word' id='word_1_339' title='bbox 814 3998 907 4054; x_wconf 81' lang='lat' dir='ltr'><strong>codiee</strong></span> <span class='ocrx_word' id='word_1_340' title='bbox 932 3999 1034 4076; x_wconf 83' lang='lat' dir='ltr'><strong>scripto</strong></span> <span class='ocrx_word' id='word_1_341' title='bbox 1064 3998 1167 4054; x_wconf 82' lang='lat' dir='ltr'><strong>vidisse</strong></span> 
     </span>
     <span class='ocr_line' id='line_1_55' title="bbox 715 4083 1168 4171; baseline -0.004 -27"><span class='ocrx_word' id='word_1_342' title='bbox 715 4084 816 4144; x_wconf 82' lang='lat' dir='ltr'><strong>volout.</strong></span> <span class='ocrx_word' id='word_1_343' title='bbox 833 4117 867 4128; x_wconf 86' lang='lat'><strong>-·</strong></span> <span class='ocrx_word' id='word_1_344' title='bbox 884 4083 915 4140; x_wconf 89' lang='lat' dir='ltr'><strong>ln</strong></span> <span class='ocrx_word' id='word_1_345' title='bbox 933 4084 960 4142; x_wconf 85' lang='grc' dir='ltr'><strong>Μ</strong></span> <span class='ocrx_word' id='word_1_346' title='bbox 978 4087 1108 4171; x_wconf 71' lang='lat' dir='ltr'><strong>scriptun</strong></span> <span class='ocrx_word' id='word_1_347' title='bbox 1126 4094 1168 4142; x_wconf 80' lang='lat' dir='ltr'><strong>est</strong></span> 
     </span>
     <span class='ocr_line' id='line_1_56' title="bbox 689 4173 988 4248; baseline 0.007 -18"><span class='ocrx_word' id='word_1_348' title='bbox 689 4199 691 4210; x_wconf 66' lang='lat'><strong><em>¹</em></strong></span> <span class='ocrx_word' id='word_1_349' title='bbox 717 4173 827 4242; x_wconf 74' lang='lat' dir='ltr'><strong>„initu</strong></span> <span class='ocrx_word' id='word_1_350' title='bbox 838 4175 843 4248; x_wconf 87' lang='grc' dir='ltr'>Ι</span> <span class='ocrx_word' id='word_1_351' title='bbox 854 4175 988 4232; x_wconf 81' lang='lat' dir='ltr'><strong>niciem“·..</strong></span> 
     </span>
    </p>
   </div>
   <div class='ocr_carea' id='block_1_13' title="bbox 0 0 1411 4720">
    <p class='ocr_par' dir='ltr' id='par_1_18' title="bbox 0 0 1411 4720">
     <span class='ocr_line' id='line_1_57' title="bbox 0 0 1411 4720; baseline 0 0"><span class='ocrx_word' id='word_1_352' title='bbox 0 0 1411 4720; x_wconf 95' lang='lat' dir='ltr'><strong> </strong></span> 
     </span>
    </p>
   </div>
  </div>
 </body>
</html>
