2832 4720
205 320 272 388 326
667 327 776 390 ulnus
793 329 840 392 111.
936 263 939 282 1

205 494 375 564 servabant
406 493 549 562 ordinem
575 493 608 562 in
635 516 729 560 suum
763 493 898 586 quisque
925 492 1033 559 locum
1066 491 1312 578 descendentes,

206 625 281 669 cum
304 599 416 669 consul
441 599 621 684 Romanus,
646 591 830 690 priusquam
852 598 927 666 totis
948 595 1067 664 viribus
1088 595 1166 665 lulta
1196 609 1313 665 eontra

204 715 303 774 staret
323 705 466 773 hostium
487 705 587 789 acies,
617 702 722 771 intulit
744 703 847 794 signa:
882 701 1075 792 adortusque
1102 725 1163 768 nec
1192 725 1311 770 omnes

94 799 99 813 ’
205 810 283 876 dum
305 811 438 879 eductos
459 834 520 878 nec
542 809 706 902 quierant
728 808 802 876 satis
825 807 990 899 explicatis
1011 806 1181 890 ordinibus,
1203 830 1311 898 prope

173 914 410 985 tfluctuantem
438 916 565 984 turbam
591 913 814 1004 trepidantium
840 912 904 980 buc
937 923 1033 1004 atque
1060 911 1137 978 illuc
1169 909 1308 978 circum-

203 1020 480 1112 spectantiumque
501 1045 537 1090 se
560 1044 598 1088 ac
619 1041 696 1087 suos
718 1018 825 1086 addito
844 1017 977 1086 turbatis
991 1015 1151 1084 mentibus
1166 1015 1310 1086 clamore

203 1135 300 1216 atque
321 1123 432 1216 inpetu
454 1125 582 1194 invadit.
619 1124 770 1192 rettulere
784 1122 888 1216 primo
904 1123 1022 1213 pedem
1039 1121 1165 1189 hostesr
1188 1119 1306 1190 deinde

202 1251 277 1294 cum
299 1229 422 1298 animos
444 1229 646 1322 collegissent
673 1239 706 1298 et
733 1228 874 1320 undique
900 1219 998 1296 duces
1024 1224 1157 1295 victisne
1185 1223 1309 1293 cessuri

202 1344 309 1400 essent
328 1333 536 1426 increparent,
556 1333 732 1403 restituitur
752 1357 869 1426 pugna.

157 1449 191 1508 to
287 1437 370 1507 LXI.
416 1438 537 1506 Consul
559 1440 721 1508 exaltem
748 1447 838 1530 parte
860 1437 1023 1505 Romanos
1051 1433 1234 1504 meminisse
1259 1433 1307 1501 iu·

201 1539 298 1608 bebat
317 1543 372 1610 illo
396 1543 446 1611 die
458 1543 606 1635 ,primum
626 1543 745 1612 liberos
766 1566 826 1634 pro
852 1542 952 1610 libera
966 1541 1059 1608 'urbe
1080 1539 1226 1606 Romana
1248 1561 1306 1628 pu-

30 1711 35 1722 ·
132 1665 137 1670 ’
199 1667 306 1734 &¹¹³1ss-
344 1647 476 1720 sibimet
491 1649 567 1741 ipsis
588 1648 743 1732 vintruns,
773 1673 840 1716 non
862 1659 899 1715 ut
926 1644 1179 1714 decemvirorum
1206 1639 1304 1710 victo

199 1771 250 1815 res
272 1753 450 1839 praemium
477 1764 594 1822 essent.
632 1777 699 1822 non
720 1753 826 1846 Appio
856 1753 937 1820 duce
964 1775 1034 1818 rem
1062 1749 1127 1840 geri
1148 1747 1206 1814 sed
1228 1769 1305 1815 con-

199 1853 269 1920 sule
284 1854 412 1925 Valerio
437 1857 477 1925 ab
499 1858 720 1926 liberatoribus
742 1858 854 1950 populi
873 1854 1010 1952 Romani
1032 1866 1112 1937 orto,
1133 1852 1305 1920 liberatore

152 1970 186 2026 15
198 1956 280 2048 ipso.
318 1961 522 2044 ostenderent
542 1963 700 2055 prioribus
721 1961 850 2054 proeliis
871 1982 930 2052 per
951 1960 1050 2028 duces
1077 1983 1145 2026 non
1166 1981 1225 2049 per
1246 1955 1303 2022 mi·

197 2062 270 2130 lites
299 2065 423 2133 stetisse
451 2089 493 2134 ne
521 2067 695 2135 vincerent.
743 2077 836 2157 turpe
864 2089 936 2134 esse
964 2075 1075 2134 contra
1108 2059 1210 2130 cives
1231 2061 1302 2152 plus

192 2167 294 2261 'animi
314 2167 463 2238 babuisse
486 2195 584 2261 quam
607 2183 717 2239 eontra
739 2169 850 2238 hostes
872 2181 905 2238 et
925 2169 1013 2238 domi
1036 2191 1133 2258 quam
1148 2165 1225 2234 loris
1240 2189 1302 2232 ser·

196 2269 331 2338 vitutem
359 2274 459 2364 magis
486 2273 639 2343 timuisse.
677 2285 782 2342 unam
798 2274 981 2366 Verginiam
1007 2273 1106 2341 brissc
1133 2269 1223 2338 cuius
1245 2294 1301 2361 pu·

198 2375 322 2444 dicitiae
344 2378 377 2444 in
398 2401 480 2470 pace
502 2379 681 2471 perieulum
703 2391 797 2465 esset,
817 2403 919 2451 unrun
935 2379 1076 2472 Appium
1097 2376 1200 2445 civem
1222 2373 1302 2466 peri·

75 2513 77 2525 Δ
118 2493 184 2556 ,20
197 2480 325 2550 culosae
348 2483 493 2578 libidinis.
535 2495 567 2554 at
589 2485 616 2554 si
638 2486 765 2554 fortuna
787 2485 864 2552 belli
886 2484 1031 2568 inclinet,
1059 2482 1204 2552 omnium
1224 2480 1301 2548 libe-

150 2627 155 2638 .
195 2583 237 2652 n's
265 2587 305 2653 ab
320 2599 384 2658 'tot
410 2587 538 2679 milibus
565 2589 708 2660 bostium
733 2589 911 2682 periculum
932 2590 1013 2660 lore.
1048 2587 1137 2656 nolle
1165 2581 1299 2666 ornioari

176 2711 278 2779 -quae
299 2715 360 2760 nec
381 2693 523 2785 luppiter
543 2719 605 2764 nec
626 2696 713 2764 Mars
735 2706 825 2787 pater
845 2695 970 2785 passuri
992 2693 1055 2761 sint
1075 2692 1125 2759 his
1149 2690 1297 2784 auspiciis

256 2803 291 2854 ..'.
312 2816 430 2884 Littera.
435 2838 457 2892 p
480 2826 507 2873 et
531 2838 599 2896 qnae
621 2818 710 2875 media
842 2815 928 2874 sulem
955 2815 1064 2911 uderio.
1100 2813 1170 2874 Cod.
1196 2813 1298 2875 libem:

255 2897 360 2958 luerent
376 2905 453 2960 erasa
475 2909 547 2962 sunt.
569 2925 585 2962 r
604 2911 711 2982 quoque
818 2951 824 2962 .
843 2904 893 2961 scd
911 2902 1021 2961 consule
1037 2901 1072 2962 Μ.
1091 2901 1206 2963 Valerio.

159 3031 161 3040 .
255 2987 284 3042 in
304 3009 379 3062 pars
397 3011 433 3048 m.
450 2992 477 3048 3.
500 2999 541 3044 est
564 3000 591 3045 et
611 2993 639 3047 in
658 3012 710 3050 ras.
782 2991 825 3050 14.
843 2993 881 3050 ab
898 2993 1107 3049 liberatoribus
1122 3011 1150 3066 p.
1170 3010 1210 3047 r..·
1226 2985 1297 3060 PM]

255 3101 290 3112 -
306 3073 343 3130 P:
361 3073 422 3131 aliis
441 3076 594 3136 seruabant.
612 3075 652 3134 M:
665 3076 710 3134 alii
841 3101 857 3134 a
868 3077 1056 3136 liberatoribus
1068 3077 1162 3156 populi
1174 3075 1297 3135 Romani.

255 3161 409 3217 seruiebaut
426 3161 529 3222 ordine.
619 3223 621 3228 ,
781 3168 824 3227 15.
840 3167 991 3242 prioribus
1011 3166 1152 3240 procliis:
1177 3162 1233 3223 ΡΜ.
1260 3193 1296 3205 -

210 3269 236 3328 2.
254 3272 325 3328 totis
357 3272 471 3330 uiribus
490 3272 579 3345 fulta
604 3261 711 3332 gom„
840 3251 914 3312 Harl.
942 3272 968 3311 n.
998 3249 1125 3310 flavere:
1158 3251 1295 3331 prioribus

254 3365 363 3416 staret:
381 3357 431 3433 Μ]
449 3362 514 3418 totis
528 3361 630 3418 viribus
642 3360 708 3418 lulta
840 3339 926 3398 bellis·
955 3337 999 3400 Cf·
1021 3343 1053 3444 is
1075 3343 1130 3398 ⁶1³
1157 3343 1297 3442 &afferent

255 3455 398 3507 temtaret,
416 3479 451 3490 ..
477 3447 512 3506 Ρ,
525 3448 632 3523 suma,
650 3459 708 3507 mm
838 3446 968 3518 summam
986 3447 1065 3485 umus
1083 3426 1155 3487 belli.
1307 3495 1320 3515 Ι

246 3531 355 3602 jallia,
374 3535 436 3592 dein
447 3537 535 3608 fulta
548 3546 707 3596 comm·
778 3515 821 3574 18.
834 3513 1024 3594 Verginiam:
1034 3515 1078 3588 Μ]
1088 3513 1232 3609 Virginiam
1242 3510 1296 3581 (P).

249 3643 286 3662 ...
304 3617 345 3674 tt:
364 3621 521 3701 adhortusq,
539 3657 574 3668 -
600 3623 634 3680 P:
653 3645 707 3682 πω
776 3601 820 3664 Μ).
838 3610 872 3657 at
889 3603 918 3659 ri
926 3603 1072 3675 fortuna:
1089 3601 1157 3659 Pm.
1171 3603 1196 3659 2.
1208 3599 1244 3658 Μ.
1258 3631 1294 3642 -

253 3712 317 3762 offis
332 3705 337 3775 Ι
352 3689 550 3770 decedatur.-
573 3685 635 3769 dein
652 3731 707 3769 m
838 3687 860 3742 P
878 3701 913 3747 u'r.
932 3693 969 3748 1.:
989 3691 1039 3746 atri
1058 3687 1216 3746 fortuna-
1229 3683 1293 3743 Pll:

252 3789 323 3846 dum
341 3803 404 3852 oms
420 3797 425 3868 i
440 3796 571 3856 educto&
837 3776 872 3880 ab
890 3785 931 3833 tot
948 3775 1064 3836 milibus.
1144 3863 1150 3880 .
1272 3859 1279 3878 .

205 3900 232 3958 7·
250 3903 405 3962 ,malerei
423 3905 458 3965 M.
477 3908 620 3964 remim:
639 3907 668 3967 Ρ·
775 3862 819 3921 22.
838 3862 886 3920 bar
904 3865 1045 3939 auspiciis
1060 3863 1198 3920 conditae
1211 3861 1291 3918 urbi:

836 3947 883 4022 Μ]
905 3949 940 4006 iis
968 3951 1094 4026 auspiciis
1118 3960 1168 4009 cet.
1194 3981 1229 3993 -
1256 3947 1291 4004 P:

189 4009 231 4068 12.
249 4012 362 4070 bibimed
380 4016 454 4090 bpdbd
473 4019 618 4076 uicturos?
635 4015 692 4076 ΡΜ.
835 4039 869 4094 iis
888 4038 1013 4114 auspiciis
1032 4036 1139 4108 copidiie
1158 4037 1222 4095 ubbi
1240 4039 1290 4106 (m,

188 4111 231 4170 13.
250 4115 307 4168 scd
323 4120 445 4176 consule
464 4119 603 4179 Valerio:
622 4119 650 4178 ll
668 4141 703 4179 m.
836 4111 978 4192 nsueti).
994 4155 1028 4164 —
1047 4123 1121 4184 Harl.
1132 4145 1150 4186 1.
1168 4124 1245 4202 Laid.
1258 4142 1290 4184 1.:

249 4201 275 4257 2.
293 4199 324 4262 P.
347 4235 381 4246 ·-
400 4203 431 4288 1Μ
450 4227 485 4263 m.
506 4209 552 4265 112·
566 4207 614 4264 'scd
639 4227 701 4264 con·
837 4210 960 4268 coudItae
977 4211 1064 4269 urbis.
