2756 4720
222 277 290 349 430
692 263 862 347 iussu.

224 479 293 526 rem
325 453 395 525 fore
423 491 468 508 -
494 439 599 546 neque
630 452 823 543 sperandam
850 471 957 543 neque
984 449 1233 542 postulandum
1265 473 1361 519 esse:

221 583 357 653 magnos
381 561 503 628 animos
528 557 651 648 magnis
678 556 852 626 bonoribus
879 555 962 624 lieri:
994 554 1157 622 neminem
1194 577 1242 624 se
1292 557 1358 647 ple

221 667 331 736 beium
352 674 609 756 contemptnmm
629 662 684 730 nbi
706 662 868 732 contemni
890 662 1062 732 desisseni
1091 659 1356 750 experiundam

221 777 293 841 iem
314 771 450 862 denique
470 769 504 836 in
524 791 590 838 nno
612 778 668 837 aut
695 765 795 836 altero
825 789 911 851 esse,
944 765 1025 833 sitne
1053 763 1151 862 aliqui
1179 765 1353 856 plebeios

185 877 491 965 blerendomogno
519 873 632 942 honori
660 895 700 940 an
727 881 876 966 portento
909 870 1011 939 simile
1031 869 1289 962 miraculoque
1314 871 1352 939 sit

220 984 337 1051 sortem
359 1003 397 1048 ae
419 991 584 1048 suenuum
597 979 700 1047 vuum
715 978 854 1069 aliquem
876 977 1011 1046 existere
1027 979 1133 1044 eruin
1155 999 1209 1043 ex
1227 977 1348 1068 plebe.

105 1096 110 1120 '
223 1111 349 1154 summa
370 1085 403 1154 vi
425 1094 641 1176 expugnatum
662 1105 733 1151 esse
755 1091 792 1149 nt
805 1081 922 1148 tribuni
934 1081 1071 1150 militum
1093 1081 1276 1149 consulari
1294 1106 1348 1174 po

219 1201 334 1259 testate
356 1199 452 1257 etex
473 1188 568 1280 plebe
590 1198 787 1257 crearenturz
819 1188 937 1279 petisse
958 1186 1044 1256 viros
1066 1184 1154 1255 domi
1183 1185 1346 1256 nfitiuae

56 1379 64 1390 ,
221 1317 285 1385 que
306 1303 484 1384 spectatos.
505 1293 615 1384 primis
637 1293 726 1361 annis
735 1291 934 1392 suggillatos
961 1289 1154 1382 repulsos
1129 1292 1216 1358 noui
1240 1294 1361 1384 patri}

71 1435 74 1453 ·
172 1398 281 1466 lubus
301 1397 415 1480 fuisse,
442 1397 562 1466 desisse
588 1383 753 1490 postremo
774 1397 927 1489 praebere
955 1398 995 1464 ad
1018 1396 1290 1464 contumeliam
1293 1421 1339 1466 os.
1360 1383 1361 1444 3

221 1525 283 1570 nee
304 1526 339 1570 se
360 1503 468 1570 videre
490 1527 547 1571 eur
567 1527 633 1571 non
654 1503 709 1572 lex
731 1525 861 1596 quoque
889 1501 1058 1593 abrogetur
1085 1520 1150 1592 qua
1172 1501 1212 1569 id
1236 1487 1361 1574 lieeatl

220 1607 309 1698 quod
320 1631 508 1730 'numquam
528 1609 670 1678 intutum
691 1609 744 1676 sit.
766 1607 925 1675 minorem
942 1605 1061 1698 quippe
1075 1606 1236 1673 ruborem
1263 1608 1337 1678 fore

215 1711 249 1780 in
270 1711 345 1780 iuns
366 1711 530 1804 iniquitate
552 1737 651 1806 mam
677 1713 705 1781 si
731 1737 790 1806 per
815 1710 1068 1804 indignitatem'
1059 1734 1210 1803 1psornm
1234 1737 1331 1805 prae

215 1827 386 1886 teneantur

169 1927 204 1986 ¹5
303 1921 455 1990 XXXVI.
499 1920 601 1989 Huius
629 1921 753 2014 genesis
779 1920 938 1991 orationes
966 1943 1052 1990 eum
1069 1921 1210 1990 adsensu
1240 1923 1326 1989 audi·

217 2037 269 2096 tae
297 2025 468 2094 incitavere
496 2025 654 2116 quosdam
682 2027 925 2118 adpetendum
952 2026 1148 2094 tribunatum
1172 2026 1322 2110 militum,

215 2129 313 2196 alium
341 2129 468 2199 eliade
498 2129 677 2202 commodis
704 2128 808 2220 plebis
841 2131 980 2198 laturum
1009 2129 1107 2198 sein
1132 2129 1321 2221 magistratu

213 2233 427 2326 profitentem.
466 2234 532 2326 agn'
553 2233 673 2327 publici
695 2233 853 2310 dividendi
875 2235 1136 2327 coloniarumque
1159 2233 1318 2304 deducen-

214 2338 327 2406 darum
354 2349 531 2410 ostentatae
560 2335 634 2430 spes
663 2348 697 2405 et
722 2337 869 2430 vectigali
896 2340 1135 2431 possessoribus
1168 2365 1317 2430 agrorum

166 2441 351 2533 tomposito
383 2443 417 2512 in
447 2443 641 2536 stipendium
661 2441 799 2510 militum
830 2444 981 2536 erogandi
1016 2444 1108 2512 aeris.
1154 2455 1316 2536 eaptnmm

231 2583 257 2642 2.
276 2585 421 2642 neminem
442 2603 477 2641 se
499 2583 645 2659 plebeium
663 2603 730 2642 con·

273 2679 451 2748 tempturum
464 2671 515 2728 ubi
523 2672 670 2728 contemni
680 2671 730 2727 de·

275 2759 402 2816 sissent:
419 2757 476 2815 ΡΜ
498 2757 590 2826 „Keln
610 2757 731 2831 Plebejer

195 2903 197 2910 ,
274 2845 368 2900 werde
390 2843 450 2901 oieb
471 2843 517 2902 sto
538 2865 572 2901 zu
594 2843 728 2902 nnbeden-

201 2933 203 2940 ’
224 2985 227 2992 ,
256 2925 258 2930 ⁸
274 2931 338 2986 tend
347 2929 436 2986 balten
446 2928 729 3002 nnebbblserenWiir·

274 3014 326 3070 den
338 3033 371 3070 zu
383 3013 500 3084 stt-eben,
518 3015 614 3072 enbald
628 3033 657 3071 er
669 3015 728 3071 sich

274 3099 350 3156 nieht
371 3099 449 3157 melu
469 3115 526 3158 ‘von
550 3105 642 3158 seinen
665 3101 727 3159 tott-

271 3187 388 3262 birgeiu
411 3187 460 3244 mit
481 3185 728 3266 Geringscbitnnng

275 3274 422 3349 behandelt
437 3269 533 3337 sehe“.
674 3311 686 3332 .

228 3363 256 3423 3.
274 3351 727 3443 experiundnmel’ll]experien·

272 3449 392 3510 dam.-
409 3447 449 3508 lt:
467 3468 532 3511 rem.
548 3455 598 3525 lin
615 3471 669 3509 nno
682 3461 728 3510 aot

272 3535 356 3594 altero
375 3557 444 3596 esse.

227 3623 254 3682 4.
272 3624 370 3701 aliqui
384 3625 482 3698 plebei
470 3643 531 3682 zuo:
524 3623 597 3681 ·l'll
609 3614 681 3684 Harl.
690 3625 726 3698 1.]
772 3693 776 3702 Ι

271 3708 369 3786 aliquis
380 3708 557 3786 plebeius-
521 3707 610 3766 -Μ,
603 3710 726 3768 ·bonori

272 3817 303 3852 ao
320 3789 446 3874 portento
465 3793 562 3855 simile.

227 3882 253 3942 6.
265 3883 382 3956 fortem
400 3903 437 3941 aa
457 3893 611 3942 strenuum
629 3886 726 3943 uirum

271 3969 418 4048 aliquem:
440 3969 489 4030 ΡΜ
507 3971 566 4031 cod.
585 3969 671 4030 libes.
689 4001 724 4014 -

270 4053 301 4112 ln
318 4055 394 4116 Harl.
411 4078 429 4119 t.
446 4057 522 4126 Leid.
534 4077 552 4120 1.
571 4057 605 4123 al.
624 4058 724 4117 excidit

126 4177 163 4206 κ,
271 4144 375 4228 uirum:
491 4156 493 4166 ’

818 2585 846 2644 8.
863 2593 893 2641 et
910 2584 1047 2660 explebe
1057 2591 1243 2641 crearentur.-
1259 2584 1316 2646 ΡΜ.

859 2669 1009 2728 lullonis.
1028 2671 1157 2726 omissum
1174 2679 1215 2727 est
1230 2681 1269 2734 et.
1279 2663 1313 2718 -ἷ

861 2755 897 2814 P:
916 2757 990 2834 domi
1007 2755 1163 2833 militiaque.

816 2844 844 2905 9.
861 2845 1057 2924 suggillatos:
1069 2839 1111 2916 Μ]
1123 2842 1257 2920 sugillatus
1269 2846 1308 2917 (Ρ

860 2949 896 2989 m.
914 2933 965 3001 2).
978 2928 1047 2986 -P
1063 2950 1099 2988 m.
1118 2933 1156 2988 ln
1174 2931 1310 3008 sugillatis.

859 3045 895 3060 -
918 3017 953 3073 P:
977 3017 1106 3094 praebere
1125 3016 1159 3077 ad
1177 3028 1308 3076 contume-

838 3103 931 3168 liam.
955 3109 1003 3163 is.
1026 3125 1077 3160 nee
1093 3124 1124 3160 se
1143 3103 1239 3165 nidere.
1265 3105 1305 3163 ll:

857 3191 988 3270 praebere
1004 3190 1039 3247 ad
1056 3191 1304 3267 contumeliamlnee

858 3299 890 3336 oe
906 3279 1008 3339 nidere.

797 3367 842 3427 20.
860 3367 890 3424 in
908 3366 1086 3442 stipendium
1106 3369 1302 3436 militonem·

857 3455 955 3534 gandi
964 3456 1045 3512 aeris
1058 3458 1069 3522 (
1076 3453 1135 3513 scil.
1149 3460 1235 3530 spes):
1246 3453 1300 3514 ΡΜ.

805 3569 841 3584 -
860 3549 1010 3616 captatum
1027 3541 1136 3598 deinde
1146 3551 1252 3618 tempus
1263 3542 1301 3599 ab

820 3623 983 3684 tribunis
1001 3625 1046 3696 (tl
1063 3645 1099 3686 m.
1118 3631 1156 3685 1.=
1174 3627 1207 3684 ad
1219 3628 1298 3684 tribu·

857 3715 916 3784 nis)
934 3715 1072 3772 nuliium:
1091 3713 1147 3773 ΡΜ.
1171 3747 1203 3758 -
1226 3715 1247 3773 P
1263 3735 1297 3776 m.

858 3804 895 3858 1.=
914 3799 1096 3860 clamdestino.
1123 3822 1160 3860 m.
1175 3803 1211 3861 2:
1228 3801 1294 3860 elan-

856 3886 968 3948 destina.
986 3887 1024 3945 M:
1044 3909 1127 3958 „eum
1145 3899 1229 3967 patres
1245 3889 1294 3946 eli·

856 3971 1167 4034 destidenuntiation'e“:
1208 3975 1294 4034 eadem

854 4079 890 4120 m.
910 4066 934 4121 1.
952 4063 1059 4122 videtne
1076 4085 1116 4122 na
1133 4063 1243 4122 additum
1259 4064 1294 4120 all

853 4148 990 4208 ciddesti
