2836 4720
460 333 470 343 ·
529 335 639 399 rnna
654 291 715 412 ln:

997 327 1166 396 ,909

73 498 200 589 perfidio
223 510 255 566 et
277 498 414 589 periurio
442 499 510 583 liat,
543 501 726 590 deosnunc
744 511 852 584 *testes
874 523 958 584 esse,
991 523 1069 568 mox
1095 500 1164 574 lore

71 604 196 672 ultores.
216 627 269 674 ,se
292 614 399 672 tamen
420 615 595 696 utcumque
623 594 670 672 sit
690 602 786 672 etiam
810 629 896 678 nune
923 606 1084 696 paenitere
1106 628 1164 672 sua

71 719 182 797 sponte
203 709 335 800 Aequos
359 733 456 800 quarn
477 709 542 799 pati
568 707 694 775 hostilia
723 709 829 776 malle.
867 710 894 775 si
915 707 1089 798 paeniteat,
1116 719 1163 774 tu·

15 821 17 898 [
68 823 134 884 turn
154 824 321 903 receptum
344 814 384 880 ad
412 825 575 904 expertam
603 812 804 882 elementiam
831 813 913 880 fore:
951 813 999 880 sin
1026 813 1162 904 periurio

15 921 16 932 ’
68 917 238 1004 gaudeant,
272 918 318 984 dis
340 918 439 1007 magis
461 918 546 986 iratis
569 941 665 1008 quam
693 915 838 984 hostibus
864 928 1009 1006 gesturos
1031 915 1192 992 belluinae

68 1019 157 1088 lraee.
172 1021 254 1088 diets
277 1023 356 1090 adeo
379 1021 455 1090 nihil
477 1033 862 1110 moveruntquemquam
884 1033 920 1088 ut
943 1021 1040 1111 legati
1061 1046 1162 1112 prope

67 1125 177 1201 violati
211 1127 285 1210 sint,
322 1127 561 1218 exercitusque
576 1126 609 1194 in
636 1124 783 1214 Algidum
817 1126 967 1193 adversus
984 1126 1162 1208 ¹Romanos

64 1229 192 1298 missus.
214 1256 295 1322 quae
313 1231 372 1298 'ubi
393 1232 530 1300 Romam
552 1241 627 1298 sunt
653 1229 810 1311 nuntiata,
837 1229 1002 1320 indignitas
1028 1230 1073 1298 rei
1097 1255 1161 1298 ma·

62 1335 109 1425 gis
132 1361 230 1426 quam
250 1336 427 1426 periculum
449 1335 615 1405 consulem
637 1333 772 1400 altemm
795 1333 834 1400 ab
857 1334 935 1402 urbe
958 1333 1083 1402 excivit.
1118 1335 1162 1402 ita

66 1441 128 1508 duo
152 1441 336 1510 consulares
359 1442 515 1510 exereitus
538 1440 577 1506 ad
599 1440 727 1506 hostem
740 1446 910 1513 [accessere
926 1438 992 1506 acie
1007 1439 1160 1506 instructa
1175 1459 1210 1514 lo

61 1555 96 1610 ut
117 1546 287 1614 confestim
310 1546 502 1638 dimicarent.
540 1544 597 1611 sed
620 1567 693 1612 cum
715 1543 796 1612 forte
826 1541 911 1608 haud
938 1543 1076 1612 multum
1098 1544 1160 1612 diei

60 1662 256 1739 superesset,
284 1674 367 1718 unus
389 1649 439 1716 ab.
452 1648 586 1716 statione
608 1644 749 1738 hostium
771 1646 943 1714 exclamat:
976 1659 1159 1730 „ostentare

59 1748 127 1820 hoe
143 1767 195 1822 est
216 1755 351 1824 Romani
373 1779 438 1822 non
460 1777 568 1843 gerere
590 1751 723 1821 bellum:
745 1752 778 1817 in
799 1748 929 1818 noctem
951 1748 1158 1820 inminentem

59 1857 160 1924 aciem
182 1858 348 1926 instruitis:
381 1857 524 1948 longiore
546 1857 619 1924 luce
642 1857 681 1922 ad
703 1857 735 1922 id
764 1867 925 1924 certamen
954 1856 1042 1946 quod
1064 1856 1160 1924 instat

14 2045 15 2056 ἵ
58 1962 149 2030 nobis
173 1981 255 2053 opus
278 1975 350 2030 estr
375 1963 510 2032 crastino
538 1961 589 2028 die
617 1961 737 2028 oriente
765 1960 834 2026 sole
862 1959 961 2026 redite
990 1959 1022 2026 in
1045 1962 1155 2040 aciem,
1172 1977 1208 2044 [5,

14 2059 15 2140 ᾗ
57 2065 114 2132 erit
136 2068 230 2157 eopia
252 2068 484 2159 pugnandinc
506 2067 648 2134 timete“.
678 2064 733 2132 bis
749 2063 880 2132 vocibus
902 2064 1045 2132 inritatus
1067 2065 1158 2149 miles

58 2168 89 2234 in
111 2169 199 2239 diem
221 2185 387 2260 posterum
408 2172 441 2240 in
457 2183 558 2240 castra
573 2170 741 2254 reducitur,
763 2171 891 2260 longam
907 2169 1012 2236 venire
1030 2180 1162 2236 noctem

55 2283 147 2341 ratus·
167 2297 249 2364 quae
270 2301 395 2344 moram
416 2275 595 2344 certaminis
618 2275 746 2342 faceret.
779 2285 849 2342 tum
871 2274 1000 2366 quidem
1024 2269 1158 2364 corpora

114 2460 178 2496 rum
197 2441 366 2516 antiquorum
387 2445 572 2499 anctoritatem
660 2443 686 2499 6.
708 2441 784 2497 odeo
809 2438 886 2496 nihil
906 2449 1075 2497 mouerunt:
1099 2437 1157 2498 PM.

116 2547 132 2582 s
152 2526 233 2582 nobie
251 2526 436 2584 emendaretur
459 2532 505 2605 qui
525 2529 571 2584 sll-

114 2631 172 2686 quo
191 2611 272 2668 modo
291 2625 385 2688 posset
402 2613 474 2682 serti,
503 2614 529 2674 h.
548 2633 571 2673 e.

115 2697 166 2754 ubi
184 2702 315 2763 sententia
334 2702 363 2756 in
380 2721 432 2778 qua
450 2701 572 2759 indicati·

113 2805 168 2843 vus
186 2785 266 2852 inest,
284 2784 386 2860 integra
399 2787 500 2868 reliqua
513 2809 571 2844 ora-

13 2911 15 2944 :
114 2875 191 2940 tione
201 2873 486 2949 atiamomittiposset,
494 2894 571 2952 pree·

13 2977 14 2998 ³
115 2961 212 3016 sertim
228 2969 333 3016 sumet
343 2958 403 3016 aliis
416 2960 494 3018 bonis
504 2963 569 3017 scri-

705 2525 772 2582 adeo
785 2525 851 2581 nibil
864 2545 998 2584 mouera:
1010 2525 1083 2586 Harl.
1093 2537 1109 2585 r.'
1122 2555 1157 2568 -

703 2613 787 2685 lim.
813 2616 837 2672 l.
858 2611 931 2672 Harl.
956 2634 988 2672 n:
1018 2623 1051 2672 ut
1070 2633 1158 2691 prope

702 2699 795 2757 uiolati
818 2711 895 2760 sunt.
925 2700 951 2755 Μ
970 2720 1005 2761 m.
1023 2703 1064 2758 Ἅι
1089 2701 1156 2756 sint.

703 2817 738 2830 -·
750 2785 773 2842 P
790 2806 825 2844 m.
844 2790 883 2848 1.:
903 2787 1022 2844 cosulem
1034 2785 1154 2843 alterum.

703 2863 796 2931 msa:
815 2869 959 2932 consulem.
978 2901 1011 2912 -
1038 2867 1112 2929 Harl.
1124 2890 1154 2928 r:

703 2980 742 3014 ex
760 2959 826 3015 urba
844 2959 950 3016 exciuit.
1099 2966 1102 2974 “

13 3093 14 3104 ,
111 3047 237 3122 ptoribus
251 3035 331 3102 ‘idem
349 3043 510 3105 indicativus
529 3050 569 3104 irr-
643 3043 683 3104 12.
703 3067 779 3102 unus
805 3045 843 3104 ab
873 3041 999 3102 statione
1027 3024 1155 3102 hostium

114 3133 220 3190 tardum
232 3136 361 3210 probatus
372 3134 479 3219 suisset:
499 3145 525 3190 et
539 3145 569 3190 ut

117 3231 176 3276 tum
188 3221 294 3280 demum
305 3219 490 3280 coniunctivus
502 3225 567 3282 scri·

113 3306 238 3377 beretur,
261 3308 307 3366 ubi
325 3311 353 3366 in
371 3305 419 3366 tali
436 3311 568 3366 sententia

115 3395 201 3475 totius
221 3398 348 3454 orationis
360 3399 402 3454 ris
420 3393 508 3476 posita
528 3417 569 3460 εις

116 3487 173 3535 sei:
200 3501 233 3538 QX
251 3503 363 3560 quorum
383 3484 502 3542 locorum
520 3504 568 3540 nu„-

115 3586 191 3626 mero
201 3586 262 3623 eom
273 3569 305 3624 de
315 3590 367 3646 quo
381 3573 467 3644 agitur
479 3591 569 3648 quam

116 3655 233 3710 dederit
252 3675 310 3712 esse
328 3675 406 3712 nemo
419 3678 473 3714 non
485 3657 568 3715 ridet.

70 3737 95 3798 2.
113 3761 148 3798 se
156 3746 254 3798 tamen
267 3751 422 3819 utcumque
431 3744 470 3800 sit
480 3747 568 3800 etiam

112 3849 193 3895 nunc
211 3832 356 3904 penitere:
382 3825 437 3888 PM.
465 3863 499 3872 -
527 3830 567 3887 Illa

113 3916 145 3970 ei
157 3918 315 3990 porroiteat.
329 3950 362 3958 —
375 3913 438 3974 PM:
451 3918 493 3974 sin
506 3937 566 3996 ρετ·

113 4001 186 4078 intio
208 4003 330 4078 gaudeat.

70 4086 95 4144 5.
114 4085 165 4144 dis
176 4092 270 4164 magis
279 4091 379 4148 iratis:
393 4087 440 4148 PM
451 4085 522 4149 llarl.
532 4093 566 4162 1,]

115 4171 169 4228 diis
187 4182 240 4229 cet.

95 4277 125 4322 Τ.
139 4251 191 4321 Livi
205 4292 256 4329 aare
268 4273 287 4322 1.

702 3133 865 3188 exclamat.-
885 3135 1033 3188 ostentare
1045 3123 1101 3188 doc
1110 3137 1155 3188 est

702 3221 831 3276 Romani
846 3238 904 3274 non
915 3238 1021 3296 gerere
1031 3213 1153 3279 bellum.-

701 3303 758 3364 Por.
784 3326 852 3362 unus
880 3301 912 3359 nb
943 3307 1072 3361 statione:
1102 3304 1154 3358 hoc
1221 3343 1225 3348 -

703 3389 817 3448 Romani
841 3409 894 3448 non
922 3409 1013 3465 gerere
1039 3390 1151 3450 bellum:
1204 3431 1218 3456 x

701 3479 774 3538 Harl.
796 3499 813 3538 r.
839 3511 872 3522 -
903 3477 925 3534 P
948 3497 982 3535 m.
1008 3480 1047 3536 1.:
1066 3480 1152 3534 inore*

701 3568 854 3625 minentem.

640 3652 682 3710 ld.
701 3653 744 3708 od
770 3655 803 3708 id
828 3661 974 3708 certamen
1002 3645 1085 3728 quod
1110 3653 1151 3706 irr-

700 3749 773 3795 etat:
797 3737 826 3795 P.
853 3738 887 3793 sd
910 3735 938 3794 id
962 3748 1099 3803 certamen¹
1121 3737 1152 3792 in

700 3825 772 3902 quod
796 3827 892 3879 instat:
920 3823 947 3880 lll
976 3821 1052 3883 Leid.
1075 3843 1092 3883 1.
1112 3826 1151 3891 in

659 3955 667 3972 ,,
699 3919 766 3990 quot
783 3911 878 3966 instat:
897 3909 970 3971 Harl.
989 3933 1005 3970 r.
1077 3983 1082 3990 .

638 4001 681 4058 18,
699 3995 1001 4054 moromcertominis:
1012 3993 1149 4063 litetur]

699 4103 801 4140 moram
825 4087 972 4142 certamini.
1009 4083 1042 4138 el.
1064 4086 1088 4145 9,
1106 4079 1149 4136 dd.

907 4251 949 4320 14

697 4173 740 4240 21,
759 4167 824 4227 aa:
