2832 4720
237 297 303 366 300
698 307 807 370 uum
822 307 868 370 ut

237 473 384 566 perrexit.
428 472 533 541 Icilius
560 471 822 564 Nnnritoiiusque
849 493 994 563 exangue
1024 494 1141 563 corpus
1174 473 1383 540 sublatum

237 588 397 648 ostentant
423 576 562 668 populo:
594 576 699 644 scelus
724 575 823 668 Appi,
851 577 978 668 puellae
1003 576 1163 646 infelicem
1190 576 1381 662 formam,

236 682 457 752 necessitatem
482 681 579 773 patris
607 682 782 772 deplorant.
826 692 999 772 sequentes
1028 681 1193 750 clamitant
1228 693 1377 749 metro

236 811 311 869 nae,
339 809 452 864 eunuc
474 783 646 855 liberomm
665 786 937 880 procreandorum
958 785 1193 869 condicionem,
1228 811 1280 854 ea
1309 812 1373 877 pu-

199 892 368 962 officinae·
381 890 521 984 praernia
543 891 635 960 esse?
668 902 773 960 cetera
796 891 934 982 quaein
955 891 1011 960 tali
1035 915 1071 960 re
1097 889 1280 978 muliebris
1309 893 1370 959 do

235 998 285 1066 lor
307 1019 373 1088 quo
396 1008 446 1064 ast
466 995 617 1064 maestior
634 995 786 1065 inbecillo
809 995 931 1079 animo,
963 1019 1003 1064 eo
1025 993 1219 1062 miserabilia
1243 997 1366 1086 magis

136 1153 143 1164 .
234 1098 440 1213 querentibus
461 1099 585 1171 subicit.
622 1100 763 1168 virorum
784 1111 818 1170 et
844 1100 985 1169 mxime
1006 1097 1075 1170 Icili
1101 1121 1167 1168 vox
1196 1109 1279 1166 tota
1306 1099 1363 1166 tri-

235 1200 379 1279 bunidae
400 1205 566 1298 potestatis
589 1229 627 1272 ac
649 1204 885 1296 provocationis
900 1207 940 1274 ad
955 1205 1114 1298 populum
1129 1215 1271 1295 ereptae
1296 1229 1359 1376 pu

233 1309 454 1404 blicammque
472 1308 731 1400 indignationum
745 1321 823 1378 erat

189 1423 223 1478 ιο
320 1413 436 1485 XLIX.
480 1413 666 1484 Concitatur
686 1412 857 1482 multitudo
879 1414 995 1506 partim
1017 1415 1181 1484 atrocitate
1207 1414 1354 1482 sceleris

232 1518 348 1613 partim
374 1543 432 1611 spe
459 1543 519 1610 per
546 1519 749 1588 occasionem
780 1521 973 1611 repetendae
1005 1519 1169 1588 libertatis
1214 1518 1351 1610 Appius

231 1647 318 1692 nnnc
338 1647 448 1694 vocan
437 1624 583 1694 'lciliuru
603 1649 690 1692 nunc
710 1635 933 1694 retractantem
942 1649 1051 1716 arripi,
1072 1635 1239 1716 postremo
1266 1645 1348 1692 curn

230 1728 323 1800 lucis
344 1729 482 1799 adeundi
503 1729 734 1821 apparitoribus
755 1754 822 1798 non
844 1731 985 1814 dareuu,
1020 1730 1089 1822 ipse
1112 1754 1187 1798 curn
1212 1729 1348 1819 agmine

230 1836 436 1927 patriciorum
448 1835 609 1932 ,iuvenum
630 1858 691 1925 per
710 1835 837 1903 turbam
858 1835 979 1904 vadens
1000 1833 1174 1903 invincula
1195 1835 1274 1901 duci
1296 1835 1343 1899 iu-

185 1947 220 2002 15
232 1941 297 2010 bet.
312 1941 384 2034 iarn
406 1939 489 2008 cirea
502 1938 625 2006 lcilium
646 1962 712 2006 non
734 1939 841 2008 solum
862 1939 1033 2008 multitudo
1055 1939 1114 2008 sed
1135 1939 1234 2027 duces
1259 1963 1341 2029 quo-

231 2069 295 2135 que
316 2042 525 2112 multimdinis
548 2053 638 2112 erant
657 2041 695 2112 L.
718 2042 864 2112 Valerius
892 2055 926 2114 et
946 2045 992 2114 Μ.
1014 2043 1179 2126 Horatius,
1206 2044 1265 2138 qui
1291 2067 1340 2111 re·

159 2153 162 2170 '
228 2149 323 2240 pulso
352 2149 464 2216 lictore
487 2146 514 2213 si
540 2146 609 2214 iure
639 2159 746 2237 ageret
772 2148 930 2216 vindicare
962 2172 998 2216 se
1021 2173 1040 2215 a
1067 2149 1191 2239 privato
1214 2149 1339 2216 Icilium

229 2253 369 2336 aiebant,
402 2250 518 2318 sirim
539 2249 663 2318 adferre
684 2263 889 2335 conarentur,
918 2253 961 2320 ibi
984 2278 1114 2348 quoque
1141 2253 1228 2321 haud
1248 2253 1336 2344 inpa-

200 2371 204 2379 ’
228 2381 279 2424 res
302 2353 392 2424 lore.
417 2355 493 2422 hinc
515 2365 608 2422 atrox
628 2355 697 2422 rixa
720 2355 827 2424 oritur.
861 2356 1024 2426 Valerium
1045 2357 1278 2448 Horatiumque
1300 2357 1334 2422 li-

166 2467 299 2532 '20ct0r
317 2450 493 2532 ‘decemviri
513 2459 648 2532 invadit:
682 2461 867 2554 franguntur
889 2485 909 2532 a
930 2461 1130 2534 multitudine
1152 2461 1265 2534 fasces.
1300 2462 1333 2528 in

290 2694 480 2771 ninnitoriusq.
491 2689 607 2752 -“ῬΜι
624 2709 743 2770 mangot
818 2695 861 2752 17.
879 2695 909 2752 oi
924 2694 989 2750 iure
1006 2701 1110 2772 agerat
1130 2689 1173 2760 (b.
1194 2711 1217 2749 e.
1233 2691 1259 2747 si
1274 2689 1329 2768 'lp

291 2802 398 2856 corpus.
877 2783 940 2856 pins
957 2800 1008 2855 pro
1026 2787 1160 2855 potestate
1179 2780 1280 2835 sua-ita
1298 2797 1328 2833 ee

247 2871 273 2929 Ρ.
291 2872 390 2928 scelus
403 2869 483 2944 Appi
487 2891 497 2924 .·
508 2867 575 2942 ΡΜ]
589 2867 677 2926 scelus
689 2868 744 2944 Ap·
876 2885 954 2940 agere
962 2885 1044 2944 posse
1053 2865 1268 2936 contenderat:):
1279 2861 1326 2920 ΡΜ

288 2957 339 3030 pii.
365 2989 400 2998 -
427 2955 489 3012 Pu:
519 2955 654 3014 infelicem
673 2955 747 3028 for*
877 2953 937 3010 cod.
966 2951 1054 3012 lihen.
1085 2953 1158 3012 Harl.
1183 2973 1201 3012 ι.
1230 2951 1262 3010 al.
1290 2981 1324 2993 -

175 3085 177 3094 .
291 3061 378 3098 mam.
395 3040 465 3098 Alii:
484 3041 628 3102 fortunam.
876 3037 969 3116 lips:
996 3050 1127 3118 agerent.
1162 3039 1262 3096 Dubito
1285 3047 1322 3093 ta·

246 3128 273 3185 4.
291 3127 508 3204 condicionem.-
527 3126 550 3184 P
567 3149 603 3185 ιιι.
621 3130 647 3188 u.
660 3127 696 3186 Μ.
708 3158 745 3170 -
876 3145 938 3184 meu
961 3144 995 3180 ιιι
1017 3123 1112 3182 melius
1136 3128 1189 3183 sit:
1215 3127 1242 3182 si
1261 3127 1322 3182 iure

290 3211 313 3269 P
329 3233 366 3272 m.
385 3215 423 3272 1.:
442 3211 633 3272 conditionem.
846 3214 855 3266 ζ
877 3219 1024 3291 ageretur.
1034 3245 1069 3258 -
1079 3211 1113 3268 P:
1124 3213 1273 3271 arnume.
1288 3243 1319 3252 -

244 3303 273 3364 b.
290 3309 390 3358 cetera
408 3321 501 3379 quoe:
525 3300 585 3360 cod.
602 3299 691 3360 Rhea.
709 3332 743 3344 -
877 3299 914 3359 P:
931 3297 1034 3356 icilium
1051 3301 1176 3380 agebant.

171 3377 174 3386 ¹
289 3387 402 3448 PHarl.
425 3407 457 3448 ιι
481 3398 622 3467 ceteraque
644 3392 675 3447 in
694 3387 742 3447 tali

288 3496 327 3534 re.
344 3476 385 3533 Μι
409 3486 524 3554 ceteraq.
539 3479 568 3533 in
585 3476 633 3533 tali
650 3497 741 3535 ra.—

175 3641 177 3647 .
200 3578 201 3582 ’
286 3563 327 3622 Μι
340 3563 741 3640 quaerentib.-Pll:subicit

183 3641 189 3654 ¹
243 3653 270 3708 7.
292 3649 361 3705 Icili
387 3671 450 3706 uon
475 3661 552 3709 toto:
579 3650 610 3710 P.
638 3685 672 3694 -
699 3651 764 3712 Μ.

285 3735 343 3793 icili
360 3746 425 3792 uota
445 3739 605 3796 tribuniciae
622 3747 743 3816 potesta-

814 3434 859 3494 18
881 3433 909 3488 oi
930 3432 990 3488 uim
1007 3431 1134 3506 odfhrre,
1150 3438 1318 3488 conarentur

815 3518 951 3590 (scil.
962 3530 989 3576 et
1000 3519 1317 3602 Appiusetagmenpatri·

874 3627 977 3664 crorum
986 3608 1138 3676 iuuenum)
1132 3603 1198 3660 ·ΡΜ
1207 3601 1291 3660 ΜιῑιΙΛ
1284 3605 1316 3674 ι]

873 3697 898 3752 si
916 3697 972 3752 vim
989 3693 1084 3750 afferre
1102 3699 1246 3748 conaretur.
1306 3716 1311 3726 ι

200 3849 212 3861 ·
287 3825 323 3879 tis
341 3844 373 3879 ac
389 3828 599 3900 prouocationis.

227 3915 271 3971 11.
285 3931 340 3988 per·
357 3913 556 3970 amionem.-
574 3912 596 3968 P
608 3933 643 3972 nr.
661 3917 686 3972 Ρ.
703 3912 740 3970 Μ.

287 4031 322 4042 -
338 3999 360 4056 Ρ
377 4021 413 4060 m.
437 4004 476 4059 1.=
495 4002 688 4060 occassionem.
705 4033 739 4042 -

286 4085 413 4149 Μιι1.ι.ι
432 4107 504 4145 nunc
522 4108 628 4147 uocare.
647 4119 680 4132 -
699 4087 738 4148 ll:

286 4195 358 4232 nunc
375 4180 544 4236 retractante.
578 4193 584 4207 ’

730 3875 734 3880 .
822 3860 855 3886 -.
886 3829 927 3884 idi
951 3841 1069 3902 quoque
1096 3822 1181 3880 houd
1206 3823 1312 3897 inperce

866 3913 957 3986 forae:
974 3910 1001 3968 Μ
1013 3909 1074 3970 ood.
1086 3908 1173 3969 liban.
1182 3913 1192 3982 ]
1207 3909 1310 3984 ibiquo-

873 4017 926 4076 que
943 4015 974 4054 se
991 3998 1088 4056 band'
1079 4018 1196 4074 impares
1211 3997 1310 4054 lora-

873 4086 915 4230 lql·
942 4085 981 4144 ibi
1003 4106 1086 4164 quoq.
1108 4086 1181 4144 baud
1200 4082 1360 4162 inpares!

893 4194 944 4234 rue.
