2812 4724
212 333 277 404 ror
384 341 387 349 ·
677 345 785 408 uara
800 312 847 408 iv.

212 509 286 603 plne
306 530 405 602 quem
427 479 531 580 armna
553 531 591 580 ac
612 510 795 580 semenstris
810 533 944 582 censura
957 519 1051 582 earet.
1088 533 1278 580 consensu
1311 509 1371 580 in·

214 615 299 708 genti
320 615 431 708 populi
452 616 556 708 legem
577 626 707 709 postero
730 615 781 684 die
803 617 946 711 perculit:
966 628 1027 702 „et
1049 627 1086 685 ut
1104 617 1231 707 reipsa
1245 622 1276 654 ‘⁶
1311 617 1369 684 in-

216 719 286 810 quit
305 720 433 804 ‚ariade
448 721 595 808 eritee,
616 743 714 811 quam
735 719 814 790 milri
836 721 980 790 dintunra
1002 743 1068 788 non
1089 720 1256 812 placeant
1291 721 1368 788 im

216 823 313 916 peria,
334 825 486 894 dictatura
507 849 560 894 me
576 824 724 894 abdico“.
762 825 983 917 depositosuo
998 825 1193 918 magistratu,
1216 825 1366 894 modo

187 930 352 999 taliorurn
377 930 569 1022 magistratui
597 929 747 1022 imperite
775 929 840 1002 line'
861 930 972 1015 alteri,
1005 951 1081 998 cum
1106 929 1364 1020 gratulatione

218 1055 257 1102 uc
284 1034 392 1103 lavore
424 1034 543 1125 ingenti
578 1034 688 1126 populi
721 1035 854 1102 doenum
888 1044 938 1104 eet
969 1034 1129 1104 reducere.
1166 1056 1362 1103 censores

126 1210 134 1226 ,
218 1161 312 1230 aegre
333 1137 419 1230 passi
440 1138 652 1222 Mamercum,
688 1139 777 1231 quad
804 1137 1021 1232 magistratum
1048 1138 1162 1231 populi
1182 1138 1359 1208 Romani

218 1241 392 1327 minuisset,
413 1241 498 1311 tribu
517 1256 687 1314 moverunt
709 1244 955 1335 octiplicatoque
978 1265 1077 1313 censu
1098 1241 1268 1313 acrarirnn
1300 1243 1357 1310 fe-

218 1357 359 1424 cenant.¹
380 1370 479 1440 quam
500 1371 570 1416 rem
590 1347 697 1441 ipsura
713 1349 837 1442 ingenti
858 1347 964 1418 annno
988 1347 1099 1418 tallere
1118 1348 1233 1416 ierunt
1255 1371 1353 1416 cau-

241 1506 267 1565 l.
284 1507 471 1566 emunetrire
489 1505 554 1582 1³11]
568 1508 737 1568 terrentius
864 1505 937 1566 libro
957 1505 1061 1568 vicilare
1077 1505 1135 1567 vult
1157 1525 1249 1578 „enm
1268 1525 1347 1582 gn·

240 1593 267 1653 9.
284 1603 313 1652 et
331 1604 364 1652 ut
381 1613 414 1652 re
432 1594 514 1668 ipen,
536 1595 643 1674 lnquit,
661 1597 736 1654 aeia·
863 1593 998 1655 ‘iulatione
1009 1613 1041 1653 ec
1053 1593 1145 1652 lenone
1158 1595 1267 1672 ingenti
1283 1613 1347 1673 po-

282 1682 332 1741 tia.
358 1681 447 1740 Minue
464 1690 537 1740 reete
552 1683 679 1740 ridentur
694 1703 737 1740 re·

282 1771 417 1828 candores
436 1778 466 1828 et
487 1768 637 1830 eeiamlrre
654 1771 687 1827 ab
705 1777 740 1828 nt

176 1925 179 1934 1
280 1858 396 1916 calatia.
414 1888 448 1902 -
466 1855 540 1917 Harl.
558 1876 589 1918 a:
607 1860 738 1915 etiamut.

284 1972 320 1988 -
343 1937 384 2000 ll:
411 1942 516 2022 inquid.
544 1975 580 1988 —
608 1944 651 2002 tt:
676 1963 737 2002 non

281 2029 424 2105 placeant
453 2052 487 2090 re
516 2031 655 2108 imperta:
682 2047 737 2110 qne

284 2126 398 2196 apparet
422 2138 456 2176 re
481 2138 516 2177 er
540 2121 632 2200 priore
657 2137 738 2176 veron

265 2205 365 2260 'etiam
383 2205 411 2261 in
429 2215 584 2283 sequentem
601 2209 739 2282 migrasse.

199 2312 201 2321 ·
285 2288 364 2349 ott.
377 2287 440 2349 Livi
456 2291 476 2352 1.
493 2313 555 2353 m.
572 2313 600 2372 p.
618 2311 739 2353 narrar.

221 2375 269 2439 ,4.
285 2375 374 2434 modo
397 2378 526 2438 aliorum
551 2381 743 2460 magistratui

226 2503 230 2508 -
287 2465 415 2539 inposito
443 2465 513 2542 fine
547 2469 651 2526 alteri.-
691 2464 741 2524 ΡΜ

197 2566 200 2574 “
288 2547 363 2610 Harl.
386 2570 405 2612 1.
431 2549 547 2614 Leidr.
575 2553 628 2628 at]
657 2552 741 2613 modo

287 2635 402 2696 eliorum
423 2638 590 2718 magietntal
612 2643 741 2719 imponito

288 2724 363 2797 [line
380 2724 484 2801 alleriJ.
511 2761 545 2773 -
573 2726 661 2788 Verba
677 2729 742 2805 fine

287 2814 385 2882 alteri
402 2817 517 2893 quaein
538 2815 630 2874 multia
650 2835 742 2876 recen·

286 2901 404 2958 tionibus
431 2901 510 2964 codd.
541 2903 640 2962 omiere
669 2912 742 2972 aunt¹
779 2901 784 2907 ’

287 2985 410 3064 plerique
422 2988 545 3048 editores
568 3011 628 3048 enm
645 2989 681 3050 G.
697 2989 742 3048 Si·

287 3073 369 3146 gonio
389 3082 416 3130 ct
431 3071 452 3133 l.
464 3073 510 3135 Fr.
521 3075 660 3136 Gronovio
677 3096 741 3152 rpu-

288 3159 329 3214 rie
344 3167 507 3237 putaverunt
517 3155 633 3238 ideoque
644 3181 683 3220 ex
700 3181 742 3219 re-

289 3239 363 3320 lique
381 3249 503 3304 oratione
520 3247 660 3310 eiicienda.
691 3269 743 3308 nec
778 3295 783 3307 ,

290 3339 379 3389 temen
391 3335 538 3414 quidquam
548 3337 593 3395 lrla
604 3339 671 3416 ipnlr
682 3355 742 3396 ver·
767 3337 771 3349 “

287 3417 333 3476 bie
345 3421 474 3498 integrius
484 3436 538 3483 eet:
557 3423 742 3499 coniungenda

289 3507 363 3564 enim
380 3519 444 3566 eunt
461 3511 609 3592 „deponito
621 3528 670 3570 reo
688 3531 742 3568 ma·

289 3592 417 3665 ςίιίυῑιι,
443 3597 498 3656 fine
520 3603 639 3679 inposito
666 3598 744 3656 alteri

289 3681 455 3754 magistratui
484 3689 566 3755 (nim.
597 3690 741 3758 censurae)
789 3703 791 3713 ’

289 3765 372 3823 modo
383 3768 532 3830 aliorum“:
546 3773 700 3843 „nachdem
708 3793 743 3830 er

287 3854 741 3940 reinrlmtniedergelegtnndnaclr

289 3937 443 4020 llaaeegabe
455 3945 627 4025 derdlarigen
639 3949 740 4006 Stante·

289 4033 378 4114 lruterx
397 4033 473 4105 jener
497 4035 613 4094 anderen
635 4034 742 4093 Wdrde

289 4116 351 4172 eine
359 4116 741 4182 knnmnauerbenanmt‘t

285 4225 320 4240 ·-·
343 4199 488 4266 Rhenanus
511 4210 540 4268 in
562 4227 612 4268 aaa
628 4211 740 4304 antipae

868 1681 928 1760 puli
945 1692 987 1740 un
1004 1681 1171 1740 rotmu‘c
1190 1682 1244 1738 ned
1267 1698 1348 1738 cnm
1393 1743 1394 1762 χ

867 1771 900 1826 ln
924 1769 978 1826 lroe
1003 1768 1072 1828 nilril
1097 1771 1247 1846 respiceret
1274 1771 1342 1826 miri

867 1849 1027 1914 receerunt
1032 1857 1247 1936 gratulatione,
1260 1875 1342 1935 quo·

868 1961 931 2002 rum
949 1940 1010 2000 loco
1028 1931 1094 2002 edre
1116 1964 1178 2002 eam
1198 1963 1336 2024 congra-
1392 1935 1394 1960 ‘

866 2030 1014 2090 ‘tralatione
1025 2029 1120 2100 lueret,
1137 2033 1242 2089 incuria
1263 2051 1335 2108 qua·

866 2115 934 2174 'dam
951 2116 1071 2178 domum
1081 2118 1189 2177 videtur
1205 2127 1332 2198 pneter·

870 2205 987 2265 miritae.
1013 2208 1043 2264 in
1059 2205 1109 2266 Pll
1126 2205 1237 2286 quidem
1254 2215 1333 2264 recte

837 2321 839 2328 ·
871 2301 936 2348 aunt
964 2295 1066 2371 scripta
1094 2313 1179 2365 „cum
1210 2291 1331 2370 gratule-

872 2380 946 2436 tione
964 2401 995 2438 ac
1013 2380 1331 2462 lenonelngentipopnli

873 2465 982 2524 domum
1018 2478 1061 2525 eet
1094 2467 1253 2530 reductuo“.
1294 2500 1330 2512 -
1379 2529 1382 2538 ,

871 2551 948 2615 flul
963 2575 980 2616 r.
997 2538 1075 2616 h'eit.
1093 2575 1110 2616 r.
1129 2555 1178 2617 el:
1200 2557 1330 2638 „populo

873 2640 983 2700 domum
1000 2653 1042 2702 eet
1063 2642 1219 2709 reductur“.‘
1247 2657 1334 2724 atque

874 2729 1002 2789 inde'alii
1018 2752 1058 2802 „a
1074 2732 1207 2811 populo“.

829 2817 856 2879 7.
875 2817 959 2894 quod
980 2821 1188 2898 magietratum
1204 2827 1254 2898 pir.
1278 2821 1332 2877 mi-

874 2907 1006 2963 nuisset.-
1030 2905 1052 2963 P
1074 2929 1110 2984 nr„
1132 2911 1158 2969 2.
1179 2937 1214 2952 -·
1244 2907 1269 2965 P
1295 2928 1331 2968 Ι.

876 2993 916 3050 1.=
934 2994 1101 3056 minuissent.
1119 3027 1155 3040 -
1178 2993 1219 3054 ll:
1242 2997 1330 3072 megi·

873 3085 967 3138 strala
985 3100 1028 3157 pr.

830 3164 857 3222 8.
883 3167 1109 3244 octiplicatoque
1134 3189 1243 3228 cenea.-
1278 3168 1332 3228 Plu

874 3248 948 3312 Harl.
966 3272 983 3313 r.
1001 3251 1078 3314 Laid.
1096 3273 1113 3314 r.
1136 3255 1186 3329 al]
1213 3256 1332 3336 octupli·

875 3349 962 3418 catoq.
985 3352 1035 3400 cet.
1066 3373 1100 3386 —
1130 3343 1176 3403 Cl.
1197 3347 1247 3414 30,
1271 3348 1330 3406 10.:

875 3428 1070 3506 quadriplicem
1096 3429 1218 3488 ordinem
1248 3429 1331 3500 (Pur.

876 3513 955 3576 Collr.
972 3515 1093 3588 Reme).
1110 3516 1143 3576 al.
1160 3533 1198 3563 -·-
1220 3515 1265 3577 Ci.
1282 3520 1330 3589 it,

876 3604 932 3662 len
959 3615 1059 3674 „etea
1081 3624 1161 3682 repre
1179 3605 1329 3663 duomilia

873 3693 1013 3749 nominum
1040 3693 1070 3749 in
1100 3693 1216 3751 aerarios
1241 3691 1328 3750 relata

873 3777 998 3856 ullaque
1016 3795 1109 3838 omner
1126 3781 1224 3840 moti“.

828 3863 855 3923 9.
872 3881 995 3921 caueam
1021 3868 1122 3942 patine
1145 3867 1327 3949 ignorMniae

874 3952 1048 4011 intuentem.-
1067 3954 1097 4013 P.
1122 3984 1155 3996 -
1181 3955 1223 4013 ll:
1241 3976 1324 4025 „cau-

873 4055 929 4094 eam
941 4041 1033 4116 potiar
1046 4041 1137 4117 ignote
1146 4044 1338 4103 intuentem“.-·

864 4121 945 4182 'Noni
962 4123 1008 4182 ille
1024 4126 1111 4185 voluit
1127 4149 1259 4198 „cenam
1275 4149 1324 4210 pu·

872 4212 927 4268 tlar
944 4214 1071 4286 notae“l,
