2750 4720
240 347 303 416 art
451 331 458 338 '
681 323 818 404 'rurs
837 341 867 400 v.
958 312 963 335 ’

240 529 402 591 cesserant
423 519 464 585 ad
485 517 598 583 urbem
620 547 662 560 -
684 527 851 576 mansuros
873 501 958 570 enim
980 499 1020 566 ad
1034 498 1141 566 Aliam
1164 497 1282 600 luisse
1306 499 1351 564 nisi

241 629 305 695 lroc
328 621 449 694 consilii
470 621 554 688 leret
575 641 632 682 -ε
654 613 768 718 deinde
790 609 851 678 sub
873 627 1023 676 occasum
1044 603 1138 703 solis,
1162 603 1250 694 quia
1276 603 1351 670 hand

239 731 377 799 multum
399 727 459 796 dici
481 733 660 818 supererat,
683 729 756 787 ante
777 725 906 783 noctem
928 711 985 778 rati
1008 733 1044 778 se
1065 709 1269 808 invasuros,
1294 721 1348 775 rm

241 839 273 906 in
296 845 424 904 noctem
447 831 577 898 dilatum
604 823 772 894 consilium
799 842 870 889 esse
898 841 964 908 quo
991 815 1065 906 plus
1093 812 1237 904 pavoris
1266 813 1346 880 infer·

207 959 225 1022 t
243 951 330 1012 rent:
352 949 515 1032 postremo
531 931 588 998 lux
604 928 862 1022 adpropinquans
876 921 1071 990 exanimare:
1087 917 1276 1008 timorique
1292 943 1346 1008 per-

244 1059 342 1142 petuo
365 1046 470 1136 ipsum
491 1036 618 1106 malum‘
634 1033 798 1101 confluens
819 1027 888 1112 mit,
909 1047 985 1095 cum
1006 1024 1093 1114 signa
1107 1022 1232 1090 infesta
1260 1024 1347 1115 portis

241 1163 315 1222 sunt
335 1149 441 1216 idota.
479 1161 681 1234 nequaquam
709 1147 816 1204 tamen
845 1157 882 1202 ea
910 1141 1005 1199 nocte
1032 1151 1140 1218 neque
1166 1127 1345 1220 insequent'

153 1258 156 1266 ’
242 1258 293 1324 die
320 1252 429 1321 similis
456 1247 502 1314 illi
529 1267 612 1336 quae
639 1243 680 1312 ad
701 1239 806 1308 Aliam
827 1250 895 1306 tam
921 1235 1035 1328 pavide
1060 1233 1205 1322 fugerat,
1245 1234 1345 1301 civitas

242 1360 309 1428 luit.
347 1378 422 1424 nem
444 1373 519 1420 eum
540 1346 667 1417 delendi
680 1344 792 1414 urbem
806 1365 903 1433 posse
923 1352 992 1408 tam
1007 1359 1105 1431 parva
1121 1335 1241 1403 relicta
1259 1361 1345 1404 maur

196 1483 231 1539 ιο
241 1485 316 1555 spes
338 1439 426 1528 nulla
449 1467 543 1540 esset,
563 1451 684 1547 placuit
705 1472 780 1517 cum
802 1445 988 1537 coniugibus
1010 1467 1049 1511 ae
1070 1441 1182 1510 liberis
1204 1441 1344 1511 iuventu-

117 1619 125 1638 .
243 1579 310 1636 tem
338 1563 508 1632 militarem
535 1569 727 1646 senatusque
754 1553 852 1621 robur
884 1550 916 1621 in
950 1571 1056 1618 arcem
1084 1539 1360 1638 Capitoliumque}

201 1690 205 1718 ¹
242 1669 417 1741 concedere
439 1665 597 1756 armisque
620 1673 653 1730 et
674 1661 835 1727 frumento
858 1653 995 1736 conlato,
1018 1677 1059 1720 err
1082 1652 1157 1740 leco
1182 1651 1268 1719 inde
1289 1675 1342 1717 mu·

243 1777 310 1845 nito
334 1776 411 1842 deos
432 1770 643 1858 hominesque
666 1775 699 1831 et
719 1764 900 1831 Romanum
921 1781 1041 1826 nomen
1068 1756 1268 1824 defendere:
1303 1758 1343 1822 lla

244 1882 363 1949 minem
385 1875 631 1962 sacerdotesque
646 1867 792 1936 Vestales
814 1889 902 1932 sacra
925 1861 1052 1956 publica
1074 1887 1092 1928 a
1116 1861 1220 1930 caede
1247 1862 1291 1927 ab
1311 1862 1359 1950 iu¹

197 1985 362 2064 nocendis
384 1979 497 2074 procul
519 1975 651 2058 auferre,
673 1995 733 2040 nee
756 1981 828 2040 ante
843 1967 945 2038 deseri
966 1967 1088 2034 cultum
1110 1991 1231 2034 eorum
1257 1989 1343 2056 quan

241 2115 308 2161 non
329 2092 532 2180 superessent
560 2077 615 2170 qui
643 2077 793 2150 colerent
829 2073 856 2142 si
884 2097 941 2140 arx
964 2070 1229 2162 Capitoliumque
1260 2073 1342 2138 sedes

243 2197 390 2274 deorum,
412 2191 438 2258 si
460 2198 589 2256 senatus
612 2195 708 2275 eaput
729 2177 848 2273 publici
870 2176 1002 2260 consilii,
1024 2173 1051 2242 si
1072 2175 1221 2241 militaris
1244 2176 1342 2242 iuven-

241 2309 294 2366 tus
316 2292 506 2385 superfuerit
525 2286 689 2356 inminenti
711 2285 820 2352 ruinae
836 2281 931 2366 urbis,
953 2279 1079 2350 facilem
1094 2279 1256 2348 iacturam
1279 2277 1360 2346 csse?

305 2422 461 2494 sequentem
472 2409 562 2468 lecum
575 2409 678 2478 attinet,
697 2426 757 2464 curn

305 2524 362 2562 non
379 2503 416 2558 sit
435 2508 642 2556 consentaneum
659 2493 757 2552 Roma·

889 2423 938 2481 per
955 2405 1081 2480 iustoque
1102 2399 1166 2458 loco
1191 2400 1340 2480 interpositi

886 2499 958 2550 sunt.
970 2522 1004 2536 -
1020 2489 1063 2547 M:
1080 2487 1132 2545 sub
1144 2509 1294 2548 occassum
1304 2507 1341 2546 ao·

306 2612 356 2648 nos
379 2587 517 2645 Gallorum
539 2587 668 2661 impetum
690 2591 758 2639 onte
890 2578 933 2638 lis.
959 2609 992 2620 -
1015 2577 1056 2633 Mt
1079 2586 1137 2633 tum
1159 2578 1188 2632 in
1207 2586 1290 2633 noete
1307 2575 1341 2632 di·

307 2687 420 2736 noctem
450 2675 551 2732 veritos
578 2691 651 2741 ease,
687 2671 759 2746 quio
889 2663 972 2724 latum
990 2663 1104 2722 consilio
1124 2667 1175 2732 (rm
1193 2665 1236 2722 λε
1258 2665 1342 2720 eonsi-

306 2765 391 2825 houd
415 2763 540 2820 multum
571 2757 633 2816 diet
657 2775 758 2832 super·
890 2751 945 2825 liri)
963 2773 1030 2814 esse.
1042 2784 1073 2794 -
1093 2748 1158 2808 Pu:
1176 2752 1222 2808 ad
1237 2754 1343 2808 Aliam.

306 2861 372 2912 Μ
385 2868 486 2906 '‘¹¹⁰''
505 2847 577 2925 ‘luia
594 2843 642 2902 'id
657 2851 765 2921 ‘luam‘
816 2875 818 2880 ’
846 2857 1342 2932 ὄ.ροείνηηοὶιιωαᾶρνομίηᾳηαηε

306 2957 396 3018 quam
409 2935 493 2994 haud
504 2935 628 2992 multum
639 2931 700 2988 diet
710 2932 758 2990 s'rt·
890 2947 1079 3004 exanimare,
1095 2943 1125 3000 Μ
1141 2953 1171 3000 „p
1186 2942 1209 2998 p
1222 2946 1251 3002 i„
1264 2961 1341 3017 ΜΕ,

303 3032 425 3102 parerat
436 3043 450 3076 a
463 3017 543 3078 Livio
557 3022 688 3094 scriptum
700 3037 771 3074 asse*
805 3093 808 3108 Ι
892 3063 925 3072 -
944 3029 979 3086 p,
994 3033 1154 3092 amium,
1167 3062 1200 3072 -
1212 3029 1241 3086 Μ
1255 3050 1292 3090 ω,
1307 3034 1341 3087 1„

306 3120 387 3192 pulo,
413 3109 467 3180 nisi
490 3107 560 3162 l'orte
579 3113 679 3162 marmio
697 3103 758 3159 loco

260 3192 263 3203 ’
305 3200 392 3256 luerat
419 3191 539 3265 „deinde
562 3191 611 3249 sub
634 3209 758 3246 oceasum

306 3286 373 3346 solis
391 3292 451 3341 ante
471 3287 577 3340 noctem
598 3279 650 3336 reti
670 3298 699 3335 se
718 3280 758 3333 in-

306 3363 434 3434 uasuros:
467 3381 539 3438 tum,
574 3369 647 3446 quio
675 3365 781 3438 baudi

303 3461 427 3520 multum
450 3457 513 3516 diei
536 3462 703 3532 supererat,
730 3455 758 3508 in

305 3557 411 3606 noctem
424 3543 536 3602 dilatum
548 3541 690 3600 eonsilium
700 3559 758 3596 esse

308 3656 362 3713 quo
387 3632 448 3712 plus
466 3631 575 3712 pavoris
599 3627 757 3686 inferrent“.

231 3781 235 3790 ,
266 3776 269 3786 ,
306 3717 398 3790 Facile
409 3738 473 3776 aero
492 3712 529 3772 ita
542 3717 625 3772 errari
637 3715 758 3792 potuisse

301 3831 337 3870 ex
361 3828 394 3866 eo
423 3805 557 3860 conlisere
578 3801 655 3870 lieet,
685 3799 757 3878 quod

305 3895 378 3957 hand
402 3911 463 3950 raro
489 3891 585 3968 integri
608 3907 702 3947 versus
728 3889 757 3942 in

306 3981 498 4064 antiquissimis
514 3977 592 4035 libris
610 3998 625 4031 a
639 3975 757 4031 librariis

305 4071 495 4148 praetermissi,
514 4065 612 4123 deiude
629 4061 672 4120 vel
690 4062 756 4117 anti-

304 4177 355 4232 que
379 4155 421 4212 vel
449 4148 598 4219 recentiore
625 4169 704 4204 manu
727 4149 756 4204 in

891 3118 1060 3196 timorisque.

848 3224 874 3280 7.
891 3207 988 3299 respice
1009 3221 1177 3296 insequenti
1196 3220 1249 3276 dte
1267 3223 1340 3278 eini-

890 3309 929 3366 la'a
947 3309 994 3366 illi
1012 3327 1104 3385 quoe:
1120 3306 1153 3368 P.
1170 3303 1206 3352 ἑ-
1226 3305 1341 3365 Madian

892 3393 1080 3453 simite-P
1098 3413 1135 3453 m.
1154 3397 1194 3452 l.:
1213 3393 1339 3470 lugerint

891 3513 926 3524 --
944 3480 979 3538 P:
1002 3501 1063 3538 nam
1085 3501 1146 3538 cum
1170 3480 1280 3539 delendi
1300 3502 1338 3540 ur·

889 3569 1040 3648 bemposss
1050 3611 1057 3627 .
1068 3601 1102 3612 -
1111 3567 1173 3626 Pll:
1180 3569 1339 3634 ,adAliam

829 3674 872 3734 11.
891 3675 921 3730 in
931 3693 1028 3730 arcem
1037 3673 1268 3750 capitoliumque
1278 3694 1337 3729 con·

889 3760 1008 3816 cedere:
1020 3759 1076 3819 Pul.
1085 3789 1120 3802 -·
1128 3757 1202 3818 Harl.
1214 3779 1245 3817 r.:
1259 3781 1337 3830 „eon-

890 3847 1036 3907 ceudere“.
1053 3845 1132 3905 Reco.
1145 3846 1241 3907 codd:
1254 3867 1336 3915 „con-

882 3933 1047 3993 secederet
1149 3967 1152 3976 ι

829 4039 871 4094 12.
889 4039 1021 4096 conlato:
1045 4037 1125 4097 Voss.
1146 4056 1163 4096 r.
1186 4035 1237 4110 al]
1262 4037 1336 4096 colla·

869 4125 933 4184 “tis
952 4158 985 4168 -—
1003 4123 1067 4183 Pll:
1087 4123 1199 4186 conlata,

300 4241 417 4312 margine
427 4237 555 4312 adscripti
564 4253 619 4292 nou
627 4253 678 4292 auo
686 4252 756 4292 sem·
815 4215 1042 4292 remotaene·
1063 4230 1174 4286 ruinae·
1195 4229 1291 4286 urbas:
1318 4227 1337 4286 Ρ
