<?xml version="1.0" encoding="UTF-8"?>
<!DOCTYPE html PUBLIC "-//W3C//DTD XHTML 1.0 Transitional//EN"
    "http://www.w3.org/TR/xhtml1/DTD/xhtml1-transitional.dtd">
<html xmlns="http://www.w3.org/1999/xhtml" xml:lang="en" lang="en">
 <head>
  <title>
</title>
<meta http-equiv="Content-Type" content="text/html;charset=utf-8" />
  <meta name='ocr-system' content='tesseract 3.04.00' />
  <meta name='ocr-capabilities' content='ocr_page ocr_carea ocr_par ocr_line ocrx_word'/>
</head>
<body>
  <div class='ocr_page' id='page_1' title='image "./titilivirerumro02alscgoog_0295.png"; bbox 0 0 2832 4720; ppageno 0'>
   <div class='ocr_carea' id='block_1_1' title="bbox 298 165 320 198">
    <p class='ocr_par' dir='ltr' id='par_1_1' title="bbox 298 165 320 198">
     <span class='ocr_line' id='line_1_1' title="bbox 298 165 320 198; baseline 0 0"><span class='ocrx_word' id='word_1_1' title='bbox 298 165 320 198; x_wconf 66' lang='grc' dir='ltr'><strong><em>Ο</em></strong></span> 
     </span>
    </p>
   </div>
   <div class='ocr_carea' id='block_1_2' title="bbox 213 291 860 399">
    <p class='ocr_par' dir='ltr' id='par_1_2' title="bbox 213 291 860 399">
     <span class='ocr_line' id='line_1_2' title="bbox 213 291 860 399; baseline 0.011 -41"><span class='ocrx_word' id='word_1_2' title='bbox 213 291 278 359; x_wconf 72' lang='lat'>276</span> <span class='ocrx_word' id='word_1_3' title='bbox 309 390 314 399; x_wconf 20' lang='grc' dir='ltr'><strong>ο</strong></span> <span class='ocrx_word' id='word_1_4' title='bbox 689 303 797 364; x_wconf 75' lang='lat' dir='ltr'>trusa</span> <span class='ocrx_word' id='word_1_5' title='bbox 814 303 860 364; x_wconf 91' lang='lat' dir='ltr'>lll.</span> 
     </span>
    </p>
   </div>
   <div class='ocr_carea' id='block_1_3' title="bbox 113 463 1349 2336">
    <p class='ocr_par' dir='ltr' id='par_1_3' title="bbox 113 463 1349 2336">
     <span class='ocr_line' id='line_1_3' title="bbox 216 463 1336 560; baseline -0.002 -24"><span class='ocrx_word' id='word_1_6' title='bbox 216 467 413 560; x_wconf 75' lang='lat' dir='ltr'>conspirasse</span> <span class='ocrx_word' id='word_1_7' title='bbox 437 469 494 536; x_wconf 89' lang='lat' dir='ltr'>sed</span> <span class='ocrx_word' id='word_1_8' title='bbox 516 468 630 537; x_wconf 76' lang='lat' dir='ltr'>foedus</span> <span class='ocrx_word' id='word_1_9' title='bbox 653 466 883 535; x_wconf 82' lang='lat' dir='ltr'>clandestinum</span> <span class='ocrx_word' id='word_1_10' title='bbox 897 467 984 536; x_wconf 78' lang='lat' dir='ltr'>&#39;inter</span> <span class='ocrx_word' id='word_1_11' title='bbox 1006 465 1093 556; x_wconf 84' lang='lat' dir='ltr'>ipsus</span> <span class='ocrx_word' id='word_1_12' title='bbox 1113 463 1336 534; x_wconf 80' lang='lat' dir='ltr'>iureiurando</span> 
     </span>
     <span class='ocr_line' id='line_1_4' title="bbox 217 567 1337 663; baseline -0.003 -25"><span class='ocrx_word' id='word_1_13' title='bbox 217 573 329 657; x_wconf 84' lang='lat' dir='ltr'>icttuu,</span> <span class='ocrx_word' id='word_1_14' title='bbox 362 595 403 648; x_wconf 80' lang='lat' dir='ltr'>ne</span> <span class='ocrx_word' id='word_1_15' title='bbox 426 573 553 640; x_wconf 77' lang='lat' dir='ltr'>coniitia</span> <span class='ocrx_word' id='word_1_16' title='bbox 579 572 733 640; x_wconf 90' lang='lat' dir='ltr'>baberent</span> <span class='ocrx_word' id='word_1_17' title='bbox 755 583 975 663; x_wconf 89' lang='lat' dir='ltr'>perpetuoque</span> <span class='ocrx_word' id='word_1_18' title='bbox 1006 567 1221 644; x_wconf 83' lang='lat' dir='ltr'>decemviratu</span> <span class='ocrx_word' id='word_1_19' title='bbox 1248 593 1337 660; x_wconf 77' lang='lat' dir='ltr'>pos</span> 
     </span>
     <span class='ocr_line' id='line_1_5' title="bbox 218 675 861 768; baseline -0.003 -24"><span class='ocrx_word' id='word_1_20' title='bbox 218 679 463 745; x_wconf 76' lang='lat' dir='ltr'>sessum-semel</span> <span class='ocrx_word' id='word_1_21' title='bbox 485 678 664 768; x_wconf 85' lang='lat' dir='ltr'>optinerent</span> <span class='ocrx_word' id='word_1_22' title='bbox 684 675 861 765; x_wconf 88' lang='lat' dir='ltr'>imperium.</span> 
     </span>
     <span class='ocr_line' id='line_1_6' title="bbox 296 777 1335 872; baseline -0.006 -21"><span class='ocrx_word' id='word_1_23' title='bbox 296 781 470 858; x_wconf 81' lang='lat' dir='ltr'>‚XXXVll</span> <span class='ocrx_word' id='word_1_24' title='bbox 514 781 786 872; x_wconf 79' lang='lat' dir='ltr'>Circumspectare</span> <span class='ocrx_word' id='word_1_25' title='bbox 808 789 877 852; x_wconf 83' lang='lat' dir='ltr'>tum</span> <span class='ocrx_word' id='word_1_26' title='bbox 897 780 1101 871; x_wconf 84' lang='lat' dir='ltr'>patriciorum</span> <span class='ocrx_word' id='word_1_27' title='bbox 1122 778 1231 854; x_wconf 79' lang='lat' dir='ltr'>vultus</span> <span class='ocrx_word' id='word_1_28' title='bbox 1257 777 1335 868; x_wconf 87' lang='lat' dir='ltr'>ple-</span> 
     </span>
     <span class='ocr_line' id='line_1_7' title="bbox 182 882 1345 976; baseline -0.002 -24"><span class='ocrx_word' id='word_1_29' title='bbox 182 897 200 952; x_wconf 78' lang='grc' dir='ltr'>ὃ</span> <span class='ocrx_word' id='word_1_30' title='bbox 219 889 280 972; x_wconf 88' lang='lat' dir='ltr'>bei,</span> <span class='ocrx_word' id='word_1_31' title='bbox 303 901 335 956; x_wconf 90' lang='lat' dir='ltr'>et</span> <span class='ocrx_word' id='word_1_32' title='bbox 356 888 429 956; x_wconf 90' lang='lat' dir='ltr'>inde</span> <span class='ocrx_word' id='word_1_33' title='bbox 443 885 594 954; x_wconf 71' lang='lat' dir='ltr'>libertatis</span> <span class='ocrx_word' id='word_1_34' title='bbox 608 895 737 976; x_wconf 88' lang='lat' dir='ltr'>captare</span> <span class='ocrx_word' id='word_1_35' title='bbox 752 909 863 952; x_wconf 89' lang='lat' dir='ltr'>auram</span> <span class='ocrx_word' id='word_1_36' title='bbox 876 886 963 952; x_wconf 84' lang='lat' dir='ltr'>unde</span> <span class='ocrx_word' id='word_1_37' title='bbox 976 885 1161 954; x_wconf 85' lang='lat' dir='ltr'>servitutem</span> <span class='ocrx_word' id='word_1_38' title='bbox 1174 882 1345 976; x_wconf 66' lang='lat' dir='ltr'>timenda</span> 
     </span>
     <span class='ocr_line' id='line_1_8' title="bbox 218 990 1331 1081; baseline -0.004 -23"><span class='ocrx_word' id='word_1_39' title='bbox 218 995 249 1060; x_wconf 91' lang='lat' dir='ltr'>in</span> <span class='ocrx_word' id='word_1_40' title='bbox 272 997 347 1062; x_wconf 83' lang='lat' dir='ltr'>curn</span> <span class='ocrx_word' id='word_1_41' title='bbox 369 1003 487 1060; x_wconf 88' lang='lat' dir='ltr'>statum</span> <span class='ocrx_word' id='word_1_42' title='bbox 508 990 761 1081; x_wconf 88' lang='lat' dir='ltr'>rempublicam</span> <span class='ocrx_word' id='word_1_43' title='bbox 782 991 987 1058; x_wconf 81' lang='lat' dir='ltr'>adduxerant.</span> <span class='ocrx_word' id='word_1_44' title='bbox 1014 991 1169 1080; x_wconf 88' lang='lat' dir='ltr'>primores</span> <span class='ocrx_word' id='word_1_45' title='bbox 1191 997 1331 1078; x_wconf 83' lang='lat' dir='ltr'>patrum</span> 
     </span>
     <span class='ocr_line' id='line_1_9' title="bbox 218 1092 1329 1185; baseline -0.006 -20"><span class='ocrx_word' id='word_1_46' title='bbox 218 1099 323 1165; x_wconf 88' lang='lat' dir='ltr'>odisse</span> <span class='ocrx_word' id='word_1_47' title='bbox 344 1095 541 1164; x_wconf 85' lang='lat' dir='ltr'>decemviros</span> <span class='ocrx_word' id='word_1_48' title='bbox 564 1094 668 1166; x_wconf 87' lang='lat' dir='ltr'>odisse</span> <span class='ocrx_word' id='word_1_49' title='bbox 690 1095 828 1185; x_wconf 79' lang='lat' dir='ltr'>plebem,</span> <span class='ocrx_word' id='word_1_50' title='bbox 849 1117 910 1162; x_wconf 90' lang='lat' dir='ltr'>nec</span> <span class='ocrx_word' id='word_1_51' title='bbox 931 1093 1067 1185; x_wconf 74' lang='lat' dir='ltr'>probare</span> <span class='ocrx_word' id='word_1_52' title='bbox 1090 1117 1173 1183; x_wconf 85' lang='lat' dir='ltr'>quae</span> <span class='ocrx_word' id='word_1_53' title='bbox 1195 1092 1329 1174; x_wconf 83' lang='lat' dir='ltr'>fierent,</span> 
     </span>
     <span class='ocr_line' id='line_1_10' title="bbox 217 1196 1328 1288; baseline -0.005 -19"><span class='ocrx_word' id='word_1_54' title='bbox 217 1213 251 1270; x_wconf 87' lang='lat' dir='ltr'>et</span> <span class='ocrx_word' id='word_1_55' title='bbox 273 1203 403 1268; x_wconf 87' lang='lat' dir='ltr'>credere</span> <span class='ocrx_word' id='word_1_56' title='bbox 425 1199 512 1264; x_wconf 91' lang='lat' dir='ltr'>hand</span> <span class='ocrx_word' id='word_1_57' title='bbox 533 1198 667 1288; x_wconf 79' lang='lat' dir='ltr'><strong>indignis</strong></span> <span class='ocrx_word' id='word_1_58' title='bbox 687 1199 847 1267; x_wconf 86' lang='lat' dir='ltr'>accidere:</span> <span class='ocrx_word' id='word_1_59' title='bbox 877 1199 967 1266; x_wconf 86' lang='lat' dir='ltr'>avide</span> <span class='ocrx_word' id='word_1_60' title='bbox 989 1197 1110 1266; x_wconf 88' lang='lat' dir='ltr'>ruendo</span> <span class='ocrx_word' id='word_1_61' title='bbox 1133 1197 1173 1262; x_wconf 91' lang='lat' dir='ltr'>ad</span> <span class='ocrx_word' id='word_1_62' title='bbox 1194 1196 1328 1264; x_wconf 87' lang='lat' dir='ltr'>liberta-</span> 
     </span>
     <span class='ocr_line' id='line_1_11' title="bbox 218 1299 1327 1403; baseline -0.004 -31"><span class='ocrx_word' id='word_1_63' title='bbox 218 1317 286 1372; x_wconf 90' lang='lat' dir='ltr'>tem</span> <span class='ocrx_word' id='word_1_64' title='bbox 308 1306 341 1370; x_wconf 90' lang='lat' dir='ltr'>in</span> <span class='ocrx_word' id='word_1_65' title='bbox 363 1304 548 1372; x_wconf 83' lang='lat' dir='ltr'>servitutem</span> <span class='ocrx_word' id='word_1_66' title='bbox 571 1303 698 1393; x_wconf 88' lang='lat' dir='ltr'>elapsos</span> <span class='ocrx_word' id='word_1_67' title='bbox 723 1304 831 1371; x_wconf 85' lang='lat' dir='ltr'>iuvare</span> <span class='ocrx_word' id='word_1_68' title='bbox 859 1301 961 1385; x_wconf 89' lang='lat' dir='ltr'>nolle,</span> <span class='ocrx_word' id='word_1_69' title='bbox 1000 1299 1161 1382; x_wconf 80' lang='lat' dir='ltr'>cururrlarc</span> <span class='ocrx_word' id='word_1_70' title='bbox 1189 1323 1327 1403; x_wconf 76' lang='lat' dir='ltr'>qpoqrre</span> 
     </span>
     <span class='ocr_line' id='line_1_12' title="bbox 172 1405 1327 1498; baseline 0.003 -30"><span class='ocrx_word' id='word_1_71' title='bbox 172 1414 206 1470; x_wconf 86' lang='lat'>10</span> <span class='ocrx_word' id='word_1_72' title='bbox 220 1408 347 1474; x_wconf 88' lang='lat' dir='ltr'>iniurias</span> <span class='ocrx_word' id='word_1_73' title='bbox 369 1419 407 1474; x_wconf 89' lang='lat' dir='ltr'>ut</span> <span class='ocrx_word' id='word_1_74' title='bbox 426 1406 533 1474; x_wconf 82' lang='lat' dir='ltr'>taedio</span> <span class='ocrx_word' id='word_1_75' title='bbox 555 1408 770 1498; x_wconf 84' lang='lat' dir='ltr'>praesentium</span> <span class='ocrx_word' id='word_1_76' title='bbox 792 1406 939 1476; x_wconf 86' lang='lat' dir='ltr'>eonsules</span> <span class='ocrx_word' id='word_1_77' title='bbox 966 1406 1031 1473; x_wconf 90' lang='lat' dir='ltr'>duo</span> <span class='ocrx_word' id='word_1_78' title='bbox 1056 1405 1185 1472; x_wconf 88' lang='lat' dir='ltr'>tandem</span> <span class='ocrx_word' id='word_1_79' title='bbox 1206 1417 1241 1474; x_wconf 90' lang='lat' dir='ltr'>et</span> <span class='ocrx_word' id='word_1_80' title='bbox 1263 1415 1327 1472; x_wconf 88' lang='lat' dir='ltr'>sta-</span> 
     </span>
     <span class='ocr_line' id='line_1_13' title="bbox 217 1509 1326 1603; baseline -0.001 -26"><span class='ocrx_word' id='word_1_81' title='bbox 217 1517 271 1578; x_wconf 85' lang='lat' dir='ltr'>tus&#39;</span> <span class='ocrx_word' id='word_1_82' title='bbox 296 1511 445 1603; x_wconf 83' lang='lat' dir='ltr'>pristinus</span> <span class='ocrx_word' id='word_1_83' title='bbox 467 1535 574 1578; x_wconf 87' lang='lat' dir='ltr'>rerum</span> <span class='ocrx_word' id='word_1_84' title='bbox 595 1513 628 1578; x_wconf 91' lang='lat' dir='ltr'>in</span> <span class='ocrx_word' id='word_1_85' title='bbox 657 1511 848 1580; x_wconf 82' lang='lat' dir='ltr'>desiderium</span> <span class='ocrx_word' id='word_1_86' title='bbox 874 1509 1030 1580; x_wconf 82' lang='lat' dir='ltr'>ueniant.¹</span> <span class='ocrx_word' id='word_1_87' title='bbox 1049 1510 1112 1576; x_wconf 88' lang='lat' dir='ltr'>iarn</span> <span class='ocrx_word' id='word_1_88' title='bbox 1139 1521 1172 1578; x_wconf 89' lang='lat' dir='ltr'>et</span> <span class='ocrx_word' id='word_1_89' title='bbox 1194 1533 1326 1601; x_wconf 81' lang='lat' dir='ltr'>proces</span> 
     </span>
     <span class='ocr_line' id='line_1_14' title="bbox 218 1613 1323 1708; baseline -0.002 -24"><span class='ocrx_word' id='word_1_90' title='bbox 218 1627 305 1684; x_wconf 86' lang='lat' dir='ltr'>serat</span> <span class='ocrx_word' id='word_1_91' title='bbox 326 1639 400 1708; x_wconf 91' lang='lat' dir='ltr'>pars</span> <span class='ocrx_word' id='word_1_92' title='bbox 422 1616 524 1704; x_wconf 83' lang='lat' dir='ltr'>maipr</span> <span class='ocrx_word' id='word_1_93' title='bbox 545 1615 619 1682; x_wconf 88' lang='lat' dir='ltr'>anni</span> <span class='ocrx_word' id='word_1_94' title='bbox 641 1626 675 1684; x_wconf 85' lang='lat' dir='ltr'>et</span> <span class='ocrx_word' id='word_1_95' title='bbox 696 1617 777 1684; x_wconf 86' lang='lat' dir='ltr'>duae</span> <span class='ocrx_word' id='word_1_96' title='bbox 799 1615 926 1684; x_wconf 86' lang='lat' dir='ltr'>tabulae</span> <span class='ocrx_word' id='word_1_97' title='bbox 939 1616 1047 1705; x_wconf 79' lang='lat' dir='ltr'>legum</span> <span class='ocrx_word' id='word_1_98' title='bbox 1065 1613 1105 1682; x_wconf 90' lang='lat' dir='ltr'>ad</span> <span class='ocrx_word' id='word_1_99' title='bbox 1118 1615 1231 1703; x_wconf 84' lang='lat' dir='ltr'>prioris</span> <span class='ocrx_word' id='word_1_100' title='bbox 1248 1616 1323 1682; x_wconf 90' lang='lat' dir='ltr'>anni</span> 
     </span>
     <span class='ocr_line' id='line_1_15' title="bbox 221 1719 1324 1811; baseline -0.004 -23"><span class='ocrx_word' id='word_1_101' title='bbox 221 1723 335 1788; x_wconf 88' lang='lat' dir='ltr'>decein</span> <span class='ocrx_word' id='word_1_102' title='bbox 356 1720 481 1787; x_wconf 84' lang='lat' dir='ltr'>tabulas</span> <span class='ocrx_word' id='word_1_103' title='bbox 505 1730 594 1788; x_wconf 87' lang='lat' dir='ltr'>erant</span> <span class='ocrx_word' id='word_1_104' title='bbox 616 1719 766 1802; x_wconf 87' lang='lat' dir='ltr'>adiectae,</span> <span class='ocrx_word' id='word_1_105' title='bbox 798 1743 858 1788; x_wconf 90' lang='lat' dir='ltr'>nec</span> <span class='ocrx_word' id='word_1_106' title='bbox 881 1720 1052 1811; x_wconf 85' lang='lat' dir='ltr'>quicquam</span> <span class='ocrx_word' id='word_1_107' title='bbox 1073 1719 1136 1786; x_wconf 90' lang='lat' dir='ltr'>iam</span> <span class='ocrx_word' id='word_1_108' title='bbox 1157 1730 1324 1810; x_wconf 82' lang='lat' dir='ltr'>supererat</span> 
     </span>
     <span class='ocr_line' id='line_1_16' title="bbox 219 1813 1323 1916; baseline -0.001 -25"><span class='ocrx_word' id='word_1_109' title='bbox 219 1825 246 1892; x_wconf 90' lang='lat' dir='ltr'>si</span> <span class='ocrx_word' id='word_1_110' title='bbox 269 1847 326 1891; x_wconf 88' lang='lat' dir='ltr'>eae</span> <span class='ocrx_word' id='word_1_111' title='bbox 346 1813 480 1914; x_wconf 84' lang='lat' dir='ltr'>¹quoque</span> <span class='ocrx_word' id='word_1_112' title='bbox 503 1824 591 1915; x_wconf 81' lang='lat' dir='ltr'>leges</span> <span class='ocrx_word' id='word_1_113' title='bbox 614 1825 795 1892; x_wconf 89' lang='lat' dir='ltr'>centuriatis</span> <span class='ocrx_word' id='word_1_114' title='bbox 817 1825 950 1893; x_wconf 87' lang='lat' dir='ltr'>cornitiis</span> <span class='ocrx_word' id='word_1_115' title='bbox 964 1824 1103 1916; x_wconf 85' lang='lat' dir='ltr'>perlatae</span> <span class='ocrx_word' id='word_1_116' title='bbox 1126 1834 1323 1908; x_wconf 74' lang='lat' dir='ltr'>essentem</span> 
     </span>
     <span class='ocr_line' id='line_1_17' title="bbox 171 1927 1321 2021; baseline 0.001 -25"><span class='ocrx_word' id='word_1_117' title='bbox 171 1933 206 1988; x_wconf 86' lang='lat'>15</span> <span class='ocrx_word' id='word_1_118' title='bbox 219 1952 260 2018; x_wconf 77' lang='lat' dir='ltr'>eu</span> <span class='ocrx_word' id='word_1_119' title='bbox 284 1929 469 2018; x_wconf 82' lang='lat' dir='ltr'>magistratu</span> <span class='ocrx_word' id='word_1_120' title='bbox 497 1928 544 1994; x_wconf 88' lang='lat' dir='ltr'>rei</span> <span class='ocrx_word' id='word_1_121' title='bbox 570 1928 826 2020; x_wconf 77' lang='lat' dir='ltr'>publicaeepus</span> <span class='ocrx_word' id='word_1_122' title='bbox 855 1939 950 1998; x_wconf 84' lang='lat' dir='ltr'>esset.</span> <span class='ocrx_word' id='word_1_123' title='bbox 988 1927 1201 2021; x_wconf 81' lang='lat' dir='ltr'>expectabant</span> <span class='ocrx_word' id='word_1_124' title='bbox 1222 1953 1321 2018; x_wconf 81' lang='lat' dir='ltr'>quarn</span> 
     </span>
     <span class='ocr_line' id='line_1_18' title="bbox 218 2028 1349 2124; baseline 0.004 -27"><span class='ocrx_word' id='word_1_125' title='bbox 218 2053 296 2098; x_wconf 86' lang='lat' dir='ltr'>mox</span> <span class='ocrx_word' id='word_1_126' title='bbox 318 2031 500 2098; x_wconf 88' lang='lat' dir='ltr'>consulibus</span> <span class='ocrx_word' id='word_1_127' title='bbox 523 2028 666 2102; x_wconf 83' lang='lat' dir='ltr'>creandis</span> <span class='ocrx_word' id='word_1_128' title='bbox 689 2032 816 2101; x_wconf 88' lang='lat' dir='ltr'>comitia</span> <span class='ocrx_word' id='word_1_129' title='bbox 838 2033 1045 2102; x_wconf 86' lang='lat' dir='ltr'>edicerentur.</span> <span class='ocrx_word' id='word_1_130' title='bbox 1078 2034 1111 2100; x_wconf 92' lang='lat' dir='ltr'>id</span> <span class='ocrx_word' id='word_1_131' title='bbox 1133 2034 1232 2101; x_wconf 87' lang='lat' dir='ltr'>modo</span> <span class='ocrx_word' id='word_1_132' title='bbox 1254 2035 1318 2124; x_wconf 89' lang='lat' dir='ltr'>ple·-</span> <span class='ocrx_word' id='word_1_133' title='bbox 1346 2034 1349 2044; x_wconf 84' lang='lat'>&#39;</span> 
     </span>
     <span class='ocr_line' id='line_1_19' title="bbox 113 2131 1316 2227; baseline 0.006 -28"><span class='ocrx_word' id='word_1_134' title='bbox 113 2131 117 2136; x_wconf 76' lang='grc'><strong>’</strong></span> <span class='ocrx_word' id='word_1_135' title='bbox 218 2135 293 2202; x_wconf 88' lang='lat' dir='ltr'>bem</span> <span class='ocrx_word' id='word_1_136' title='bbox 311 2133 448 2223; x_wconf 81' lang='lat' dir='ltr'>agitabat</span> <span class='ocrx_word' id='word_1_137' title='bbox 470 2157 612 2224; x_wconf 88' lang='lat' dir='ltr'>quonam</span> <span class='ocrx_word' id='word_1_138' title='bbox 635 2137 732 2204; x_wconf 86' lang='lat' dir='ltr'>mado</span> <span class='ocrx_word' id='word_1_139' title='bbox 756 2137 955 2206; x_wconf 80' lang='lat' dir='ltr'>tribuniciam</span> <span class='ocrx_word' id='word_1_140' title='bbox 969 2149 1162 2227; x_wconf 83' lang='lat' dir='ltr'>potestatem</span> <span class='ocrx_word' id='word_1_141' title='bbox 1184 2175 1229 2188; x_wconf 90' lang='lat'>-·</span> <span class='ocrx_word' id='word_1_142' title='bbox 1250 2163 1316 2206; x_wconf 89' lang='lat' dir='ltr'>mu·</span> 
     </span>
     <span class='ocr_line' id='line_1_20' title="bbox 217 2237 1317 2336; baseline 0.006 -33"><span class='ocrx_word' id='word_1_143' title='bbox 217 2239 394 2306; x_wconf 87' lang='lat' dir='ltr'>nimentum</span> <span class='ocrx_word' id='word_1_144' title='bbox 422 2237 558 2306; x_wconf 87' lang='lat' dir='ltr'>libertati</span> <span class='ocrx_word' id='word_1_145' title='bbox 586 2277 629 2288; x_wconf 91' lang='lat'>-</span> <span class='ocrx_word' id='word_1_146' title='bbox 657 2265 726 2310; x_wconf 86' lang='lat' dir='ltr'>rem</span> <span class='ocrx_word' id='word_1_147' title='bbox 753 2242 964 2336; x_wconf 72' lang='lat' dir='ltr'>interfuissem</span> <span class='ocrx_word' id='word_1_148' title='bbox 992 2255 1211 2332; x_wconf 87' lang='lat' dir='ltr'>reppararent,</span> <span class='ocrx_word' id='word_1_149' title='bbox 1242 2267 1317 2312; x_wconf 89' lang='lat' dir='ltr'>cum</span> 
     </span>
    </p>
   </div>
   <div class='ocr_carea' id='block_1_4' title="bbox 133 2393 734 3609">
    <p class='ocr_par' dir='ltr' id='par_1_4' title="bbox 133 2393 734 3609">
     <span class='ocr_line' id='line_1_21' title="bbox 236 2393 732 2465; baseline 0.014 -8"><span class='ocrx_word' id='word_1_150' title='bbox 236 2406 261 2462; x_wconf 69' lang='lat' dir='ltr'>b,</span> <span class='ocrx_word' id='word_1_151' title='bbox 282 2393 547 2465; x_wconf 39' lang='lat' dir='ltr'>decemuiratur&#39;P.</span> <span class='ocrx_word' id='word_1_152' title='bbox 560 2437 593 2447; x_wconf 92' lang='lat'>—-</span> <span class='ocrx_word' id='word_1_153' title='bbox 612 2404 651 2464; x_wconf 80' lang='lat' dir='ltr'>tt:</span> <span class='ocrx_word' id='word_1_154' title='bbox 669 2409 732 2464; x_wconf 84' lang='lat' dir='ltr'>xui-</span> 
     </span>
     <span class='ocr_line' id='line_1_22' title="bbox 281 2488 663 2570; baseline 0.013 -24"><span class='ocrx_word' id='word_1_155' title='bbox 281 2495 373 2564; x_wconf 72' lang='lat' dir='ltr'>ratbl.</span> <span class='ocrx_word' id='word_1_156' title='bbox 392 2488 483 2547; x_wconf 82' lang='lat' dir='ltr'><strong>-&#39;P:</strong></span> <span class='ocrx_word' id='word_1_157' title='bbox 503 2494 663 2570; x_wconf 82' lang='lat' dir='ltr'>optinerent.</span> 
     </span>
     <span class='ocr_line' id='line_1_23' title="bbox 133 2579 734 2654; baseline 0.015 -23"><span class='ocrx_word' id='word_1_158' title='bbox 133 2641 136 2646; x_wconf 26' lang='lat'><em>¹</em></span> <span class='ocrx_word' id='word_1_159' title='bbox 236 2579 263 2634; x_wconf 77' lang='grc'>4.</span> <span class='ocrx_word' id='word_1_160' title='bbox 280 2581 524 2654; x_wconf 75' lang='lat' dir='ltr'>circumspectare</span> <span class='ocrx_word' id='word_1_161' title='bbox 540 2589 618 2636; x_wconf 79' lang='lat' dir='ltr'>tumr</span> <span class='ocrx_word' id='word_1_162' title='bbox 636 2580 672 2640; x_wconf 84' lang='grc' dir='ltr'>Μ.</span> <span class='ocrx_word' id='word_1_163' title='bbox 699 2609 734 2624; x_wconf 83' lang='grc'>-</span> 
     </span>
     <span class='ocr_line' id='line_1_24' title="bbox 280 2663 733 2744; baseline 0.018 -24"><span class='ocrx_word' id='word_1_164' title='bbox 280 2663 315 2720; x_wconf 81' lang='lat' dir='ltr'>P:</span> <span class='ocrx_word' id='word_1_165' title='bbox 339 2666 592 2744; x_wconf 73' lang='lat' dir='ltr'>circumspectarem</span> <span class='ocrx_word' id='word_1_166' title='bbox 604 2677 674 2728; x_wconf 71' lang='lat' dir='ltr'>vtum.</span> <span class='ocrx_word' id='word_1_167' title='bbox 698 2700 733 2711; x_wconf 94' lang='lat'>-</span> 
     </span>
     <span class='ocr_line' id='line_1_25' title="bbox 219 2750 733 2833; baseline 0.006 -21"><span class='ocrx_word' id='word_1_168' title='bbox 219 2807 223 2812; x_wconf 88' lang='lat'>.</span> <span class='ocrx_word' id='word_1_169' title='bbox 280 2750 343 2822; x_wconf 76' lang='lat' dir='ltr'>Plll:</span> <span class='ocrx_word' id='word_1_170' title='bbox 368 2755 472 2828; x_wconf 53' lang='lat' dir='ltr'>plebei,</span> <span class='ocrx_word' id='word_1_171' title='bbox 488 2775 538 2833; x_wconf 91' lang='lat' dir='ltr'>pro</span> <span class='ocrx_word' id='word_1_172' title='bbox 558 2757 675 2830; x_wconf 72' lang='lat' dir='ltr'>plebeii</span> <span class='ocrx_word' id='word_1_173' title='bbox 699 2787 733 2796; x_wconf 89' lang='lat'>-</span> 
     </span>
     <span class='ocr_line' id='line_1_26' title="bbox 280 2835 733 2916; baseline 0.015 -23"><span class='ocrx_word' id='word_1_174' title='bbox 280 2835 319 2894; x_wconf 84' lang='lat' dir='ltr'>ll:</span> <span class='ocrx_word' id='word_1_175' title='bbox 346 2849 451 2913; x_wconf 81' lang='lat' dir='ltr'>captare</span> <span class='ocrx_word' id='word_1_176' title='bbox 469 2862 587 2916; x_wconf 67' lang='lat' dir='ltr'>auream.</span> <span class='ocrx_word' id='word_1_177' title='bbox 609 2877 643 2886; x_wconf 93' lang='lat'><em>-</em></span> <span class='ocrx_word' id='word_1_178' title='bbox 670 2842 733 2900; x_wconf 64' lang='lat' dir='ltr'>Ptta</span> 
     </span>
     <span class='ocr_line' id='line_1_27' title="bbox 281 2928 733 3002; baseline 0.022 -23"><span class='ocrx_word' id='word_1_179' title='bbox 281 2933 364 3002; x_wconf 76' lang='lat' dir='ltr'>remp.</span> <span class='ocrx_word' id='word_1_180' title='bbox 382 2959 416 2968; x_wconf 88' lang='lat'>-</span> <span class='ocrx_word' id='word_1_181' title='bbox 434 2928 476 2984; x_wconf 83' lang='lat' dir='ltr'>lll:</span> <span class='ocrx_word' id='word_1_182' title='bbox 495 2929 594 2988; x_wconf 86' lang='lat' dir='ltr'>odisse.</span> <span class='ocrx_word' id='word_1_183' title='bbox 610 2949 636 2987; x_wconf 85' lang='lat' dir='ltr'>x.</span> <span class='ocrx_word' id='word_1_184' title='bbox 648 2933 733 2990; x_wconf 85' lang='lat' dir='ltr'>uiros.</span> 
     </span>
     <span class='ocr_line' id='line_1_28' title="bbox 168 3011 732 3090; baseline 0.016 -27"><span class='ocrx_word' id='word_1_185' title='bbox 168 3028 170 3036; x_wconf 75' lang='grc'><em>’</em></span> <span class='ocrx_word' id='word_1_186' title='bbox 221 3011 449 3090; x_wconf 76' lang='lat' dir='ltr'>10.1ced1&#39;0.·1t1.</span> <span class='ocrx_word' id='word_1_187' title='bbox 468 3014 555 3070; x_wconf 70' lang='lat'>-122</span> <span class='ocrx_word' id='word_1_188' title='bbox 574 3015 653 3071; x_wconf 74' lang='lat' dir='ltr'>tedio</span> <span class='ocrx_word' id='word_1_189' title='bbox 672 3035 732 3090; x_wconf 85' lang='lat' dir='ltr'>pre·</span> 
     </span>
     <span class='ocr_line' id='line_1_29' title="bbox 253 3097 733 3178; baseline 0.021 -28"><span class='ocrx_word' id='word_1_190' title='bbox 253 3164 256 3170; x_wconf 28' lang='lat'><strong>¹</strong></span> <span class='ocrx_word' id='word_1_191' title='bbox 279 3098 404 3156; x_wconf 87' lang='lat' dir='ltr'>sentium.</span> <span class='ocrx_word' id='word_1_192' title='bbox 416 3128 450 3139; x_wconf 98' lang='lat'><em>-</em></span> <span class='ocrx_word' id='word_1_193' title='bbox 466 3097 505 3155; x_wconf 81' lang='lat' dir='ltr'>ll:</span> <span class='ocrx_word' id='word_1_194' title='bbox 525 3107 551 3153; x_wconf 87' lang='lat' dir='ltr'>et</span> <span class='ocrx_word' id='word_1_195' title='bbox 568 3110 653 3158; x_wconf 84' lang='lat' dir='ltr'>status</span> <span class='ocrx_word' id='word_1_196' title='bbox 671 3122 733 3178; x_wconf 85' lang='lat' dir='ltr'>prc-</span> 
     </span>
     <span class='ocr_line' id='line_1_30' title="bbox 279 3183 373 3241; baseline 0.011 -1"><span class='ocrx_word' id='word_1_197' title='bbox 279 3183 373 3241; x_wconf 78' lang='lat' dir='ltr'>atinus.</span> 
     </span>
     <span class='ocr_line' id='line_1_31' title="bbox 219 3269 731 3336; baseline 0.025 -14"><span class='ocrx_word' id='word_1_198' title='bbox 219 3270 260 3328; x_wconf 85' lang='lat' dir='ltr'>ll.</span> <span class='ocrx_word' id='word_1_199' title='bbox 280 3269 310 3325; x_wconf 79' lang='lat' dir='ltr'>in</span> <span class='ocrx_word' id='word_1_200' title='bbox 329 3271 510 3328; x_wconf 81' lang='lat' dir='ltr'>desiderium</span> <span class='ocrx_word' id='word_1_201' title='bbox 523 3275 657 3331; x_wconf 77' lang='lat' dir='ltr'>ueniunt:</span> <span class='ocrx_word' id='word_1_202' title='bbox 675 3274 731 3336; x_wconf 73' lang='lat' dir='ltr'>Pri.</span> 
     </span>
     <span class='ocr_line' id='line_1_32' title="bbox 280 3347 731 3418; baseline 0.009 -6"><span class='ocrx_word' id='word_1_203' title='bbox 280 3387 312 3397; x_wconf 87' lang='lat'>—</span> <span class='ocrx_word' id='word_1_204' title='bbox 327 3355 400 3418; x_wconf 89' lang='lat' dir='ltr'>Harl.</span> <span class='ocrx_word' id='word_1_205' title='bbox 413 3377 442 3418; x_wconf 77' lang='lat' dir='ltr'>t:</span> <span class='ocrx_word' id='word_1_206' title='bbox 461 3347 489 3416; x_wconf 81' lang='lat' dir='ltr'>ib</span> <span class='ocrx_word' id='word_1_207' title='bbox 507 3359 669 3418; x_wconf 85' lang='lat' dir='ltr'>desiderium</span> <span class='ocrx_word' id='word_1_208' title='bbox 686 3381 731 3418; x_wconf 89' lang='lat' dir='ltr'>ue·</span> 
     </span>
     <span class='ocr_line' id='line_1_33' title="bbox 278 3435 449 3513; baseline 0.012 -16"><span class='ocrx_word' id='word_1_209' title='bbox 278 3435 356 3502; x_wconf 43' lang='lat' dir='ltr'>niet*</span> <span class='ocrx_word' id='word_1_210' title='bbox 446 3509 449 3513; x_wconf 16' lang='lat'><strong><em>⁴</em></strong></span> 
     </span>
     <span class='ocr_line' id='line_1_34' title="bbox 228 3531 731 3609; baseline 0.024 -27"><span class='ocrx_word' id='word_1_211' title='bbox 228 3555 262 3568; x_wconf 83' lang='lat'><strong><em>-</em></strong></span> <span class='ocrx_word' id='word_1_212' title='bbox 282 3531 341 3584; x_wconf 82' lang='lat' dir='ltr'>iam</span> <span class='ocrx_word' id='word_1_213' title='bbox 353 3539 382 3587; x_wconf 83' lang='lat' dir='ltr'>ct</span> <span class='ocrx_word' id='word_1_214' title='bbox 390 3543 577 3607; x_wconf 79' lang='lat' dir='ltr'>processerat</span> <span class='ocrx_word' id='word_1_215' title='bbox 584 3553 658 3609; x_wconf 84' lang='lat' dir='ltr'>pars</span> <span class='ocrx_word' id='word_1_216' title='bbox 671 3556 731 3594; x_wconf 84' lang='lat' dir='ltr'>rna·</span> 
     </span>
    </p>
   </div>
   <div class='ocr_carea' id='block_1_5' title="bbox 281 3615 744 3699">
    <p class='ocr_par' dir='ltr' id='par_1_5' title="bbox 281 3615 744 3699">
     <span class='ocr_line' id='line_1_35' title="bbox 281 3615 744 3699; baseline 0.026 -31"><span class='ocrx_word' id='word_1_217' title='bbox 281 3615 326 3670; x_wconf 82' lang='lat' dir='ltr'>icr</span> <span class='ocrx_word' id='word_1_218' title='bbox 344 3621 418 3671; x_wconf 82' lang='lat' dir='ltr'>cani</span> <span class='ocrx_word' id='word_1_219' title='bbox 432 3629 475 3675; x_wconf 80' lang='lat' dir='ltr'>et.-</span> <span class='ocrx_word' id='word_1_220' title='bbox 494 3621 550 3680; x_wconf 82' lang='grc' dir='ltr'>ΡΜ.</span> <span class='ocrx_word' id='word_1_221' title='bbox 563 3653 597 3665; x_wconf 90' lang='lat'><em>-</em></span> <span class='ocrx_word' id='word_1_222' title='bbox 610 3621 686 3684; x_wconf 77' lang='lat' dir='ltr'>[reid.</span> <span class='ocrx_word' id='word_1_223' title='bbox 698 3643 744 3699; x_wconf 51' lang='grc' dir='ltr'>ιτ,</span> 
     </span>
    </p>
   </div>
   <div class='ocr_carea' id='block_1_6' title="bbox 218 3700 732 4218">
    <p class='ocr_par' dir='ltr' id='par_1_6' title="bbox 218 3700 732 4218">
     <span class='ocr_line' id='line_1_36' title="bbox 280 3700 731 3776; baseline 0.04 -24"><span class='ocrx_word' id='word_1_224' title='bbox 280 3700 332 3754; x_wconf 87' lang='lat' dir='ltr'>ianr</span> <span class='ocrx_word' id='word_1_225' title='bbox 350 3717 518 3776; x_wconf 65' lang='lat' dir='ltr'>precesserat</span> <span class='ocrx_word' id='word_1_226' title='bbox 536 3719 586 3767; x_wconf 80' lang='lat' dir='ltr'>eet.</span> <span class='ocrx_word' id='word_1_227' title='bbox 604 3740 639 3752; x_wconf 93' lang='lat'><em>-</em></span> <span class='ocrx_word' id='word_1_228' title='bbox 657 3711 679 3766; x_wconf 84' lang='grc' dir='ltr'><strong>Ρ</strong></span> <span class='ocrx_word' id='word_1_229' title='bbox 696 3732 731 3771; x_wconf 89' lang='lat' dir='ltr'>m.</span> 
     </span>
     <span class='ocr_line' id='line_1_37' title="bbox 281 3787 732 3856; baseline 0.029 -16"><span class='ocrx_word' id='word_1_230' title='bbox 281 3787 319 3843; x_wconf 88' lang='lat' dir='ltr'>l.:</span> <span class='ocrx_word' id='word_1_231' title='bbox 339 3797 366 3842; x_wconf 87' lang='lat' dir='ltr'>ct</span> <span class='ocrx_word' id='word_1_232' title='bbox 383 3796 444 3845; x_wconf 80' lang='lat' dir='ltr'>tuae</span> <span class='ocrx_word' id='word_1_233' title='bbox 463 3793 569 3853; x_wconf 86' lang='lat' dir='ltr'>dabnle.</span> <span class='ocrx_word' id='word_1_234' title='bbox 593 3815 628 3856; x_wconf 88' lang='lat' dir='ltr'>rn.</span> <span class='ocrx_word' id='word_1_235' title='bbox 646 3799 686 3855; x_wconf 58' lang='lat'>2:</span> <span class='ocrx_word' id='word_1_236' title='bbox 705 3807 732 3854; x_wconf 83' lang='lat' dir='ltr'>et</span> 
     </span>
     <span class='ocr_line' id='line_1_38' title="bbox 279 3870 729 3959; baseline 0.031 -32"><span class='ocrx_word' id='word_1_237' title='bbox 279 3870 348 3928; x_wconf 88' lang='lat' dir='ltr'>duae</span> <span class='ocrx_word' id='word_1_238' title='bbox 366 3874 420 3935; x_wconf 91' lang='lat' dir='ltr'>tab.</span> <span class='ocrx_word' id='word_1_239' title='bbox 446 3907 483 3920; x_wconf 87' lang='lat'>·-</span> <span class='ocrx_word' id='word_1_240' title='bbox 508 3879 570 3937; x_wconf 75' lang='lat' dir='ltr'>PM:</span> <span class='ocrx_word' id='word_1_241' title='bbox 589 3893 639 3940; x_wconf 77' lang='lat' dir='ltr'>nbc</span> <span class='ocrx_word' id='word_1_242' title='bbox 656 3885 729 3959; x_wconf 82' lang='lat' dir='ltr'>quic·</span> 
     </span>
     <span class='ocr_line' id='line_1_39' title="bbox 279 3962 674 4041; baseline 0.03 -26"><span class='ocrx_word' id='word_1_243' title='bbox 279 3979 360 4036; x_wconf 81' lang='lat' dir='ltr'>qnam</span> <span class='ocrx_word' id='word_1_244' title='bbox 377 3962 594 4041; x_wconf 73' lang='lat' dir='ltr'>iam&#39;snpercra‘t.</span> <span class='ocrx_word' id='word_1_245' title='bbox 665 3993 674 4004; x_wconf 77' lang='grc'><em>·</em></span> 
     </span>
     <span class='ocr_line' id='line_1_40' title="bbox 218 4044 731 4136; baseline 0.031 -38"><span class='ocrx_word' id='word_1_246' title='bbox 218 4044 260 4101; x_wconf 77' lang='lat'>14.</span> <span class='ocrx_word' id='word_1_247' title='bbox 279 4049 309 4104; x_wconf 82' lang='lat' dir='ltr'>si</span> <span class='ocrx_word' id='word_1_248' title='bbox 333 4068 388 4106; x_wconf 79' lang='lat' dir='ltr'>ecc</span> <span class='ocrx_word' id='word_1_249' title='bbox 412 4071 529 4129; x_wconf 75' lang='lat' dir='ltr'>quoquc</span> <span class='ocrx_word' id='word_1_250' title='bbox 556 4057 654 4136; x_wconf 79' lang='lat' dir='ltr'>leger:</span> <span class='ocrx_word' id='word_1_251' title='bbox 682 4055 731 4114; x_wconf 83' lang='lat' dir='ltr'>Pll</span> 
     </span>
     <span class='ocr_line' id='line_1_41' title="bbox 279 4134 730 4218; baseline 0.031 -31"><span class='ocrx_word' id='word_1_252' title='bbox 279 4134 338 4192; x_wconf 86' lang='lat' dir='ltr'>cod.</span> <span class='ocrx_word' id='word_1_253' title='bbox 352 4135 457 4210; x_wconf 72' lang='lat' dir='ltr'>liliam]</span> <span class='ocrx_word' id='word_1_254' title='bbox 474 4142 499 4196; x_wconf 88' lang='lat' dir='ltr'>si</span> <span class='ocrx_word' id='word_1_255' title='bbox 517 4140 568 4196; x_wconf 89' lang='lat' dir='ltr'>bae</span> <span class='ocrx_word' id='word_1_256' title='bbox 586 4161 668 4218; x_wconf 80' lang='lat' dir='ltr'>quoq.</span> <span class='ocrx_word' id='word_1_257' title='bbox 680 4153 730 4202; x_wconf 88' lang='lat' dir='ltr'>cet.</span> 
     </span>
    </p>
   </div>
   <div class='ocr_carea' id='block_1_7' title="bbox 804 2403 1401 4282">
    <p class='ocr_par' dir='ltr' id='par_1_7' title="bbox 864 2403 1345 2734">
     <span class='ocr_line' id='line_1_42' title="bbox 864 2403 1345 2487; baseline 0.004 -25"><span class='ocrx_word' id='word_1_258' title='bbox 864 2437 900 2462; x_wconf 72' lang='grc' dir='ltr'>ι-</span> <span class='ocrx_word' id='word_1_259' title='bbox 919 2403 980 2464; x_wconf 81' lang='lat' dir='ltr'>PM:</span> <span class='ocrx_word' id='word_1_260' title='bbox 999 2409 1065 2487; x_wconf 78' lang='lat' dir='ltr'>reip.</span> <span class='ocrx_word' id='word_1_261' title='bbox 1089 2441 1123 2451; x_wconf 93' lang='lat'><em>—</em></span> <span class='ocrx_word' id='word_1_262' title='bbox 1153 2407 1194 2465; x_wconf 83' lang='lat' dir='ltr'>M:</span> <span class='ocrx_word' id='word_1_263' title='bbox 1212 2412 1316 2478; x_wconf 82' lang='lat' dir='ltr'>„corni-</span> <span class='ocrx_word' id='word_1_264' title='bbox 1341 2456 1345 2464; x_wconf 55' lang='lat'>.</span> 
     </span>
     <span class='ocr_line' id='line_1_43' title="bbox 866 2487 1316 2567; baseline -0.002 -14"><span class='ocrx_word' id='word_1_265' title='bbox 866 2497 920 2554; x_wconf 86' lang='lat' dir='ltr'>tiae</span> <span class='ocrx_word' id='word_1_266' title='bbox 938 2487 1089 2551; x_wconf 77' lang='lat' dir='ltr'>dicerentbr</span> <span class='ocrx_word' id='word_1_267' title='bbox 1104 2497 1109 2567; x_wconf 94' lang='grc' dir='ltr'>Ι</span> <span class='ocrx_word' id='word_1_268' title='bbox 1125 2495 1154 2552; x_wconf 89' lang='lat' dir='ltr'>id</span> <span class='ocrx_word' id='word_1_269' title='bbox 1165 2498 1252 2553; x_wconf 87' lang='lat' dir='ltr'>modo</span> <span class='ocrx_word' id='word_1_270' title='bbox 1268 2500 1316 2552; x_wconf 86' lang='lat' dir='ltr'>tri·</span> 
     </span>
     <span class='ocr_line' id='line_1_44' title="bbox 866 2583 1315 2659; baseline 0.007 -20"><span class='ocrx_word' id='word_1_271' title='bbox 866 2583 1001 2642; x_wconf 81' lang='lat' dir='ltr'>baniciem</span> <span class='ocrx_word' id='word_1_272' title='bbox 1018 2589 1213 2659; x_wconf 84' lang='lat' dir='ltr'>potestatem“:</span> <span class='ocrx_word' id='word_1_273' title='bbox 1231 2585 1315 2642; x_wconf 87' lang='lat' dir='ltr'>media</span> 
     </span>
     <span class='ocr_line' id='line_1_45' title="bbox 865 2674 1225 2734; baseline 0.017 -6"><span class='ocrx_word' id='word_1_274' title='bbox 865 2674 1053 2732; x_wconf 67' lang='lat' dir='ltr'>emissarum</span> <span class='ocrx_word' id='word_1_275' title='bbox 1220 2717 1225 2734; x_wconf 82' lang='lat'>.</span> 
     </span>
    </p>

    <p class='ocr_par' dir='ltr' id='par_1_8' title="bbox 805 2757 1401 3271">
     <span class='ocr_line' id='line_1_46' title="bbox 805 2757 1317 2839; baseline 0.004 -25"><span class='ocrx_word' id='word_1_276' title='bbox 805 2761 848 2818; x_wconf 81' lang='lat'>16.</span> <span class='ocrx_word' id='word_1_277' title='bbox 867 2760 901 2816; x_wconf 80' lang='lat' dir='ltr'>id</span> <span class='ocrx_word' id='word_1_278' title='bbox 926 2758 1015 2814; x_wconf 79' lang='lat' dir='ltr'>modo</span> <span class='ocrx_word' id='word_1_279' title='bbox 1043 2757 1168 2832; x_wconf 53' lang='lat' dir='ltr'>plebem.</span> <span class='ocrx_word' id='word_1_280' title='bbox 1185 2762 1317 2839; x_wconf 71' lang='lat' dir='ltr'>agitabat</span> 
     </span>
     <span class='ocr_line' id='line_1_47' title="bbox 864 2844 1401 2924; baseline 0.011 -26"><span class='ocrx_word' id='word_1_281' title='bbox 864 2845 908 2916; x_wconf 91' lang='lat' dir='ltr'>(b.</span> <span class='ocrx_word' id='word_1_282' title='bbox 927 2866 951 2902; x_wconf 90' lang='lat' dir='ltr'>e.</span> <span class='ocrx_word' id='word_1_283' title='bbox 969 2844 1035 2914; x_wconf 63' lang='lat' dir='ltr'>baec</span> <span class='ocrx_word' id='word_1_284' title='bbox 1052 2865 1104 2900; x_wconf 88' lang='lat' dir='ltr'>una</span> <span class='ocrx_word' id='word_1_285' title='bbox 1127 2866 1190 2902; x_wconf 85' lang='lat' dir='ltr'>cura</span> <span class='ocrx_word' id='word_1_286' title='bbox 1212 2846 1313 2924; x_wconf 86' lang='lat' dir='ltr'>plebem</span> <span class='ocrx_word' id='word_1_287' title='bbox 1400 2863 1401 2874; x_wconf 63' lang='lat'>¹</span> 
     </span>
     <span class='ocr_line' id='line_1_48' title="bbox 864 2929 1311 3011; baseline 0.009 -25"><span class='ocrx_word' id='word_1_288' title='bbox 864 2929 1008 3005; x_wconf 81' lang='lat' dir='ltr'>agitabat):</span> <span class='ocrx_word' id='word_1_289' title='bbox 1035 2930 1081 3003; x_wconf 67' lang='lat' dir='ltr'>P}</span> <span class='ocrx_word' id='word_1_290' title='bbox 1101 2931 1131 2988; x_wconf 91' lang='lat' dir='ltr'>id</span> <span class='ocrx_word' id='word_1_291' title='bbox 1153 2933 1233 2990; x_wconf 77' lang='lat' dir='ltr'>mado</span> <span class='ocrx_word' id='word_1_292' title='bbox 1257 2933 1311 3011; x_wconf 85' lang='lat' dir='ltr'>ple·</span> 
     </span>
     <span class='ocr_line' id='line_1_49' title="bbox 865 3016 1312 3091; baseline 0.013 -19"><span class='ocrx_word' id='word_1_293' title='bbox 865 3017 913 3073; x_wconf 87' lang='lat' dir='ltr'>bes</span> <span class='ocrx_word' id='word_1_294' title='bbox 940 3016 1056 3091; x_wconf 83' lang='lat' dir='ltr'>agitabat</span> <span class='ocrx_word' id='word_1_295' title='bbox 1084 3017 1174 3089; x_wconf 82' lang='lat' dir='ltr'>(llari.</span> <span class='ocrx_word' id='word_1_296' title='bbox 1200 3024 1245 3089; x_wconf 80' lang='lat' dir='ltr'>t).</span> <span class='ocrx_word' id='word_1_297' title='bbox 1279 3051 1312 3062; x_wconf 89' lang='grc'><strong>-</strong></span> 
     </span>
     <span class='ocr_line' id='line_1_50' title="bbox 864 3101 1311 3184; baseline 0.009 -24"><span class='ocrx_word' id='word_1_298' title='bbox 864 3101 942 3163; x_wconf 67' lang='lat' dir='ltr'>Laid.</span> <span class='ocrx_word' id='word_1_299' title='bbox 958 3123 991 3166; x_wconf 75' lang='lat' dir='ltr'>‚tt</span> <span class='ocrx_word' id='word_1_300' title='bbox 1021 3103 1051 3162; x_wconf 86' lang='lat' dir='ltr'>id</span> <span class='ocrx_word' id='word_1_301' title='bbox 1063 3106 1151 3168; x_wconf 64' lang='lat' dir='ltr'>⁴modu</span> <span class='ocrx_word' id='word_1_302' title='bbox 1167 3109 1311 3184; x_wconf 80' lang='lat' dir='ltr'>plebe-agi·</span> 
     </span>
     <span class='ocr_line' id='line_1_51' title="bbox 865 3189 1395 3271; baseline 0.013 -25"><span class='ocrx_word' id='word_1_303' title='bbox 865 3191 946 3249; x_wconf 81' lang='lat' dir='ltr'>tabat.</span> <span class='ocrx_word' id='word_1_304' title='bbox 964 3220 999 3234; x_wconf 83' lang='lat'>-</span> <span class='ocrx_word' id='word_1_305' title='bbox 1018 3189 1061 3252; x_wconf 80' lang='lat' dir='ltr'>Cf.</span> <span class='ocrx_word' id='word_1_306' title='bbox 1079 3196 1124 3263; x_wconf 60' lang='grc' dir='ltr'>Ἡ,</span> <span class='ocrx_word' id='word_1_307' title='bbox 1144 3197 1201 3256; x_wconf 58' lang='lat' dir='ltr'>lb:</span> <span class='ocrx_word' id='word_1_308' title='bbox 1219 3197 1311 3271; x_wconf 76' lang='lat' dir='ltr'>agitare</span> <span class='ocrx_word' id='word_1_309' title='bbox 1392 3195 1395 3204; x_wconf 89' lang='grc'>’</span> 
     </span>
    </p>

    <p class='ocr_par' dir='ltr' id='par_1_9' title="bbox 834 3284 1310 3444">
     <span class='ocr_line' id='line_1_52' title="bbox 834 3284 1310 3356; baseline 0.013 -23"><span class='ocrx_word' id='word_1_310' title='bbox 834 3307 836 3315; x_wconf 89' lang='grc'><em>·</em></span> <span class='ocrx_word' id='word_1_311' title='bbox 863 3297 906 3336; x_wconf 59' lang='grc' dir='ltr'>ια’</span> <span class='ocrx_word' id='word_1_312' title='bbox 920 3288 1053 3356; x_wconf 80' lang='lat' dir='ltr'>temptare</span> <span class='ocrx_word' id='word_1_313' title='bbox 1067 3284 1200 3344; x_wconf 76' lang='lat' dir='ltr'>animum.</span> <span class='ocrx_word' id='word_1_314' title='bbox 1229 3287 1257 3353; x_wconf 74' lang='lat'>2,</span> <span class='ocrx_word' id='word_1_315' title='bbox 1275 3286 1310 3341; x_wconf 88' lang='lat' dir='ltr'>l.=</span> 
     </span>
     <span class='ocr_line' id='line_1_53' title="bbox 863 3367 1310 3444; baseline 0.002 -19"><span class='ocrx_word' id='word_1_316' title='bbox 863 3367 930 3444; x_wconf 81' lang='lat' dir='ltr'>quid</span> <span class='ocrx_word' id='word_1_317' title='bbox 954 3369 1029 3442; x_wconf 73' lang='lat' dir='ltr'>erim</span> <span class='ocrx_word' id='word_1_318' title='bbox 1055 3367 1173 3428; x_wconf 73' lang='lat' dir='ltr'>tauram</span> <span class='ocrx_word' id='word_1_319' title='bbox 1200 3369 1260 3438; x_wconf 82' lang='lat' dir='ltr'>luit,</span> <span class='ocrx_word' id='word_1_320' title='bbox 1286 3372 1310 3426; x_wconf 87' lang='lat' dir='ltr'>si</span> 
     </span>
    </p>

    <p class='ocr_par' dir='ltr' id='par_1_10' title="bbox 843 3455 1309 3534">
     <span class='ocr_line' id='line_1_54' title="bbox 843 3455 1309 3534; baseline 0.013 -28"><span class='ocrx_word' id='word_1_321' title='bbox 843 3498 845 3506; x_wconf 94' lang='lat'>.</span> <span class='ocrx_word' id='word_1_322' title='bbox 864 3455 910 3514; x_wconf 88' lang='lat' dir='ltr'>illa</span> <span class='ocrx_word' id='word_1_323' title='bbox 926 3465 1070 3534; x_wconf 79' lang='lat' dir='ltr'>pasturum.</span> <span class='ocrx_word' id='word_1_324' title='bbox 1086 3477 1309 3532; x_wconf 80' lang='lat' dir='ltr'>convenarumque</span> 
     </span>
    </p>

    <p class='ocr_par' dir='ltr' id='par_1_11' title="bbox 840 3540 1307 3794">
     <span class='ocr_line' id='line_1_55' title="bbox 840 3540 1307 3619; baseline -0.006 -22"><span class='ocrx_word' id='word_1_325' title='bbox 840 3565 845 3575; x_wconf 93' lang='lat'>·</span> <span class='ocrx_word' id='word_1_326' title='bbox 862 3540 960 3618; x_wconf 85' lang='lat' dir='ltr'>plebs.</span> <span class='ocrx_word' id='word_1_327' title='bbox 974 3545 1087 3619; x_wconf 76' lang='lat' dir='ltr'>,agitari</span> <span class='ocrx_word' id='word_1_328' title='bbox 1120 3554 1213 3614; x_wconf 84' lang='lat' dir='ltr'>caepta</span> <span class='ocrx_word' id='word_1_329' title='bbox 1241 3553 1307 3596; x_wconf 86' lang='lat' dir='ltr'>esset</span> 
     </span>
     <span class='ocr_line' id='line_1_56' title="bbox 863 3625 1304 3705; baseline -0.002 -21"><span class='ocrx_word' id='word_1_330' title='bbox 863 3629 1016 3692; x_wconf 82' lang='lat' dir='ltr'>tribuniciis</span> <span class='ocrx_word' id='word_1_331' title='bbox 1033 3627 1166 3705; x_wconf 84' lang='lat' dir='ltr'>procellis.</span> <span class='ocrx_word' id='word_1_332' title='bbox 1184 3627 1258 3686; x_wconf 78' lang='lat' dir='ltr'>al.-</span> <span class='ocrx_word' id='word_1_333' title='bbox 1270 3625 1304 3684; x_wconf 88' lang='lat' dir='ltr'>P:</span> 
     </span>
     <span class='ocr_line' id='line_1_57' title="bbox 864 3724 1044 3794; baseline 0.022 -26"><span class='ocrx_word' id='word_1_334' title='bbox 864 3724 1044 3794; x_wconf 78' lang='lat' dir='ltr'>reppererant.</span> 
     </span>
    </p>

    <p class='ocr_par' dir='ltr' id='par_1_12' title="bbox 804 3799 1304 4225">
     <span class='ocr_line' id='line_1_58' title="bbox 804 3799 1304 3866; baseline 0.008 -12"><span class='ocrx_word' id='word_1_335' title='bbox 804 3799 846 3858; x_wconf 84' lang='lat'>18.</span> <span class='ocrx_word' id='word_1_336' title='bbox 864 3821 929 3856; x_wconf 84' lang='lat' dir='ltr'>cum</span> <span class='ocrx_word' id='word_1_337' title='bbox 955 3801 1068 3866; x_wconf 78' lang='lat' dir='ltr'>interim</span> <span class='ocrx_word' id='word_1_338' title='bbox 1093 3800 1200 3856; x_wconf 67' lang='lat' dir='ltr'>mentio</span> <span class='ocrx_word' id='word_1_339' title='bbox 1226 3804 1304 3866; x_wconf 79' lang='lat' dir='ltr'>comi·</span> 
     </span>
     <span class='ocr_line' id='line_1_59' title="bbox 862 3885 1304 3961; baseline 0 -17"><span class='ocrx_word' id='word_1_340' title='bbox 862 3889 970 3944; x_wconf 78' lang='lat' dir='ltr'>tiorum</span> <span class='ocrx_word' id='word_1_341' title='bbox 981 3885 1152 3961; x_wconf 77' lang='lat' dir='ltr'>nnllaflcrr‘.</span> <span class='ocrx_word' id='word_1_342' title='bbox 1165 3896 1194 3944; x_wconf 80' lang='lat' dir='ltr'>ct</span> <span class='ocrx_word' id='word_1_343' title='bbox 1207 3891 1304 3944; x_wconf 77' lang='lat' dir='ltr'>xcr&#39;ri:</span> 
     </span>
     <span class='ocr_line' id='line_1_60' title="bbox 865 3967 1302 4034; baseline 0.002 -4"><span class='ocrx_word' id='word_1_344' title='bbox 865 3972 897 4030; x_wconf 88' lang='lat' dir='ltr'>P.</span> <span class='ocrx_word' id='word_1_345' title='bbox 909 3991 974 4029; x_wconf 81' lang='lat' dir='ltr'>curu</span> <span class='ocrx_word' id='word_1_346' title='bbox 992 3967 1099 4030; x_wconf 83' lang='lat' dir='ltr'>iuterim</span> <span class='ocrx_word' id='word_1_347' title='bbox 1112 3977 1214 4032; x_wconf 81' lang='lat' dir='ltr'>mentia</span> <span class='ocrx_word' id='word_1_348' title='bbox 1231 3978 1302 4034; x_wconf 84' lang='lat' dir='ltr'>corni·</span> 
     </span>
     <span class='ocr_line' id='line_1_61' title="bbox 862 4059 1301 4136; baseline 0.009 -22"><span class='ocrx_word' id='word_1_349' title='bbox 862 4061 961 4119; x_wconf 76' lang='lat' dir='ltr'>tiorum</span> <span class='ocrx_word' id='word_1_350' title='bbox 987 4059 1064 4117; x_wconf 78' lang='lat' dir='ltr'>nulla</span> <span class='ocrx_word' id='word_1_351' title='bbox 1078 4062 1178 4136; x_wconf 82' lang='lat' dir='ltr'>ficret.</span> <span class='ocrx_word' id='word_1_352' title='bbox 1205 4083 1230 4124; x_wconf 82' lang='lat' dir='ltr'>x.</span> <span class='ocrx_word' id='word_1_353' title='bbox 1244 4065 1301 4120; x_wconf 83' lang='lat' dir='ltr'>uiri:</span> 
     </span>
     <span class='ocr_line' id='line_1_62' title="bbox 863 4146 1300 4225; baseline 0.002 -19"><span class='ocrx_word' id='word_1_354' title='bbox 863 4146 898 4207; x_wconf 85' lang='lat' dir='ltr'>tl.</span> <span class='ocrx_word' id='word_1_355' title='bbox 918 4147 952 4208; x_wconf 74' lang='lat' dir='ltr'>cl.</span> <span class='ocrx_word' id='word_1_356' title='bbox 969 4150 996 4218; x_wconf 68' lang='lat' dir='ltr'>b,</span> <span class='ocrx_word' id='word_1_357' title='bbox 1013 4150 1071 4210; x_wconf 72' lang='lat' dir='ltr'>at:</span> <span class='ocrx_word' id='word_1_358' title='bbox 1090 4167 1150 4206; x_wconf 84' lang='lat' dir='ltr'>cum</span> <span class='ocrx_word' id='word_1_359' title='bbox 1168 4149 1265 4225; x_wconf 77' lang='lat' dir='ltr'>Appius</span> <span class='ocrx_word' id='word_1_360' title='bbox 1277 4191 1300 4208; x_wconf 90' lang='lat'>..</span> 
     </span>
    </p>

    <p class='ocr_par' dir='ltr' id='par_1_13' title="bbox 1200 4247 1211 4282">
     <span class='ocr_line' id='line_1_63' title="bbox 1200 4247 1211 4282; baseline 0 0"><span class='ocrx_word' id='word_1_361' title='bbox 1200 4247 1211 4282; x_wconf 80' lang='lat' dir='ltr'>l</span> 
     </span>
    </p>
   </div>
   <div class='ocr_carea' id='block_1_8' title="bbox 0 0 1420 4720">
    <p class='ocr_par' dir='ltr' id='par_1_14' title="bbox 0 0 1420 4720">
     <span class='ocr_line' id='line_1_64' title="bbox 0 0 1420 4720; baseline 0 4"><span class='ocrx_word' id='word_1_362' title='bbox 0 0 1420 4720; x_wconf 95' lang='lat' dir='ltr'> </span> 
     </span>
    </p>
   </div>
  </div>
 </body>
</html>
