2838 4822
1064 82 1139 214 „l

154 283 163 294 ,
250 233 355 328 n*
435 353 441 366 ι
716 267 867 332 nourr.

246 436 428 505 tantainda
450 457 524 502 cum
546 432 932 524 altercatione'congressi
957 435 1128 506 certamine
1155 401 1273 504 nalum
1308 437 1355 505 sd

246 540 572 635 caedem-vertuntur.
595 539 638 606 ibi
659 538 693 606 in
713 537 804 610 turba
827 539 909 608 ictus
935 541 1056 610 Remus
1083 541 1205 610 oceidit.
1234 541 1354 634 vulga

247 646 308 716 tior
329 647 413 714 larua
435 657 483 715 est
504 643 638 712 ludibrio
658 643 764 712 fratris
778 643 915 712 Remum
935 667 1038 716 novos
1060 645 1254 714 transiluisse
1272 669 1352 716 mu

195 800 206 805 -
246 775 314 820 ros:
335 752 408 822 inde
431 750 470 818 ab
492 751 573 827 irato
595 747 744 832 Romulo,
766 771 841 816 cmn
862 748 967 816 verbis
993 773 1124 841 quoque
1148 749 1352 840 increpitans

168 851 170 856 ¹
215 871 233 928 5
247 857 410 926 adiecisset
421 909 439 940 „
446 856 492 924 sic
507 853 622 921 deinde
636 854 829 946 quicumque
840 853 922 922 alius
933 854 1088 923 trarrsiliel
1099 855 1224 924 moenia
1235 861 1365 936 mes‚“·

139 1003 144 1011 -
244 961 454 1030 interiectum.
477 961 521 1027 ita
543 957 632 1026 solus
653 959 774 1050 potitus
787 958 922 1050 imperio
937 958 1102 1042 Romulus,
1124 959 1249 1028 condita
1264 960 1351 1028 urbs

243 1065 414 1134 conditoris
434 1062 565 1133 nomine
586 1061 756 1156 appellata.
782 1063 956 1148 ,Palatium
970 1063 1117 1156 primum,
1138 1065 1170 1132 in
1192 1087 1257 1155 quo
1271 1065 1350 1158 ipse

223 1182 311 1239 'erat
331 1172 500 1251 educatus,
520 1167 647 1250 muniit;
673 1191 762 1237 sacra
789 1167 847 1238 diis
869 1169 940 1238 afris
959 1169 1085 1238 Albano
1111 1169 1188 1251 ritu,
1216 1169 1348 1238 Graeco

1 1351 13 1361 Η
242 1275 378 1361 Ηειιτιιίἰ1
398 1284 436 1342 ut
463 1272 503 1339 ab
530 1271 681 1350 Euandro
707 1273 848 1342 instituta
876 1284 966 1342 erant
987 1273 1070 1342 iacit
1114 1272 1288 1342 Herculem
1310 1274 1348 1342 in

4 1361 22 1478 ,ἦ
115 1435 117 1440 .
196 1393 231 1448 10
244 1403 280 1446 ea
303 1373 374 1446 loca
391 1379 538 1471 Geryone
559 1378 750 1469 interempto
772 1377 873 1447 boves
894 1378 973 1446 mira
988 1377 1096 1470 specie
1111 1376 1254 1468 abegisse
1274 1400 1347 1446 me-

242 1495 378 1568 morant,
400 1507 438 1550 ac
458 1475 560 1574 prope
581 1481 724 1550 'liberino
745 1482 891 1568 fluvium,
920 1507 983 1575 qua
1005 1505 1081 1572 prae
1102 1505 1140 1550 se
1161 1492 1346 1549 artnentum

198 1635 205 1646 ·
242 1613 339 1680 agens
366 1587 473 1654 nando
500 1586 681 1671 traiecerat,
708 1587 783 1656 loco
804 1587 939 1656 herbido
972 1597 1009 1654 ut
1036 1586 1143 1677 quiete
1165 1597 1199 1654 et
1218 1586 1354 1675 pabula

241 1673 492 1762 laeto‘reliceret
513 1692 623 1778 boues,
645 1702 679 1760 et
699 1691 806 1783 ipsum
830 1692 953 1762 fessum
974 1691 1026 1760 via
1046 1690 1265 1783 procubuisse.
1294 1691 1344 1758 ibi

150 1859 152 1866 ,
240 1821 315 1866 cum
336 1821 412 1865 eum
434 1798 506 1864 cibo
527 1797 667 1886 duoque
690 1807 854 1887 gravatum
875 1818 974 1886 sopor
989 1795 1209 1888 oppressisset,
1230 1805 1344 1886 pastor

133 1911 136 1918 '
196 1919 229 1974 15
242 1900 352 1971 accola
380 1899 448 1966 eius
475 1899 540 1966 loci
567 1899 697 1973 nomine
725 1899 846 1982 Cacus,
867 1899 958 1968 ferox
979 1899 1114 1985 viribus,
1137 1910 1248 1990 captus
1270 1901 1342 1990 pul·

6 2091 11 2100 ¹
241 2003 417 2074 claritudine
438 2003 559 2070 bovuun
581 2025 657 2072 cum
678 2015 821 2072 avertere
849 2027 922 2070 eam
943 2005 1095 2093 praedam
1123 2005 1236 2090 vellet,
1264 2006 1340 2096 quia

5 2183 10 2210 ἰ
50 2125 54 2132 “
142 2163 147 2172 ,
239 2110 267 2176 si
289 2109 411 2198 agendo
435 2117 614 2175 armentum
635 2107 669 2175 in
689 2107 877 2200 speluncam
898 2108 1120 2199 compulisset,
1147 2110 1215 2200 ipsa
1244 2111 1340 2178 vesti-

239 2214 289 2304 gia
312 2224 517 2304 quaerentem
539 2212 704 2282 dominum
726 2237 766 2282 eo
788 2213 961 2308 deductura
983 2224 1081 2296 erant,
1097 2237 1225 2282 aversos
1237 2214 1341 2283 boves

239 2316 392 2387 eximium
415 2340 576 2409 quemque
598 2317 831 2408 pulchritudine
853 2317 962 2386 caudis
984 2317 1017 2386 iu
1032 2318 1218 2410 speluncam
1232 2319 1355 2389 uasis·

192 2437 228 2494 20
239 2421 393 2490 Hercules
415 2423 456 2488 ad
475 2423 612 2512 primam
639 2427 786 2490 auroram
812 2445 928 2491 somno
957 2423 1079 2491 excitus
1106 2447 1182 2491 cum
1209 2447 1337 2515 gregem

238 2526 461 2618 perlustrasset
482 2521 583 2594 oeulis
606 2537 639 2594 ct
658 2537 783 2618 partem
804 2527 916 2596 abesse
938 2551 1072 2621 numero
1093 2528 1252 2612 sensisset,
1266 2553 1335 2620 per-

126 2618 128 2627 ’
238 2632 284 2723 git
310 2631 350 2699 ad
376 2631 556 2722 proximam
583 2632 782 2723 speluncam,
811 2632 838 2700 si
864 2633 946 2700 tarta
974 2657 1015 2700 eo
1044 2633 1175 2724 vestigia
1194 2633 1335 2704 'ferrent

137 2729 158 2747 ²
238 2761 320 2827 quae
332 2737 397 2804 nbi
420 2737 526 2805 omnia
548 2737 634 2806 loras
655 2751 746 2808 uersa
767 2735 846 2804 vidit
866 2759 928 2803 nec
947 2735 980 2802 in
994 2747 1119 2825 partem
1133 2737 1228 2805 aliam
1243 2738 1342 2824 ferres

4 2917 5 2920 Ἴ
239 2843 393 2910 confusus
412 2853 508 2931 atque
529 2841 667 2910 incer‘tus
690 2841 786 2909 animi
813 2862 855 2908 ex
876 2839 953 2906 loco
973 2839 1088 2907 infesto
1118 2865 1213 2932 agere
1237 2846 1334 2934 pom)

3 2985 30 3036 ῃ
60 3008 62 3026 ,
192 2962 227 3016 25
240 2957 420 3014 armentum
441 2945 576 3035 occepit.
597 2946 671 3012 inde
693 2969 768 3028 cum
790 2955 878 3011 actae
900 2943 1001 3011 boves
1024 2947 1182 3036 quaedam
1201 2949 1241 3015 ad
1255 2949 1333 3018 desi-

9 3037 12 3062 '
115 3037 126 3076 ‘¹
239 3050 363 3118 derium
388 3061 425 3116 ut
450 3048 487 3117 fit
511 3049 693 3118 relictarum
713 3048 903 3140 mugissent,
929 3047 1051 3116 reddita
1078 3049 1271 3120 inclusarum
1292 3077 1332 3121 ex

10 3175 12 3188 ¹
129 3165 141 3198 ·'
239 3155 390 3248 spelunca
418 3154 541 3221 bovum
567 3177 633 3222 vox
658 3149 832 3222 Herculem
859 3144 1023 3225 convertit,
1056 3179 1154 3245 quem
1187 3182 1261 3226 cum
1293 3156 1343 3225 ad'

5 3323 14 3338 ,
237 3263 425 3352 speluncam
445 3257 617 3326 vadentem
631 3257 735 3326 Cacus
756 3259 789 3326 vi
810 3258 981 3350 prohibere
995 3272 1129 3327 conatus
1144 3275 1237 3346 esset,
1251 3263 1331 3331 ictus

18 3353 22 3370 ’
99 3409 106 3418 -
231 3367 327 3438 clava
348 3366 445 3432 fidem
466 3363 848 3455 pastommmequiquam
874 3364 1026 3462 invocans
1048 3377 1151 3434 morte
1174 3368 1330 3437 occubuit.

191 3487 227 3540 30
238 3468 385 3538 Euander
404 3482 474 3540 tum
495 3493 533 3537 ea
555 3469 709 3561 profugus
731 3494 773 3538 ex
788 3464 1011 3559 Peloponneso
1034 3470 1219 3548 auctoritate
1227 3471 1331 3571 'magis

9 3593 42 3690 'q'
191 3595 194 3601 '
240 3592 283 3648 12.
300 3599 331 3647 et
344 3592 453 3665 pabulo
466 3593 544 3649 lano
557 3593 762 3668 reficeretbo··
822 3591 865 3650 27.
883 3591 926 3648 ud
959 3594 1131 3668 speluncam
1160 3591 1330 3647 ouderdem:
1380 3582 1383 3588 ¹

8 3691 20 3700 ’
299 3697 361 3736 urs.
382 3707 416 3724 ν-
441 3677 476 3733 Ρι
500 3688 528 3734 et
548 3680 650 3756 pabulo
664 3678 751 3736 laetor
793 3713 794 3719 ι
882 3679 932 3751 ll}
947 3679 1089 3737 radentem
1107 3677 1142 3734 ad
1158 3675 1318 3754 speluncam.

301 3763 409 3849 eliceret
425 3763 518 3822 boves.
548 3765 588 3822 lll:
607 3776 634 3822 et
650 3764 748 3844 palrulo
821 3767 864 3825 28.
883 3769 980 3823 Cunus
1002 3768 1035 3822 vl
1054 3763 1217 3839 prohibere.
1244 3795 1279 3809 -
1296 3765 1328 3824 P:

298 3851 408 3923 latiores
426 3851 545 3908 alliceret
562 3853 652 3912 hoves.
760 3860 763 3868 “
883 3873 948 3910 caco
969 3854 1014 3908 sni
1035 3850 1187 3928 prohibere.
1221 3851 1264 3912 lt.-
1288 3876 1327 3913 ca·

240 3942 281 3999 15.
297 3939 520 4014 pulchritudine
549 3939 668 3997 bovum:
704 3940 748 4014 P]
779 4015 784 4021 ι
885 3959 932 3998 cus
950 3937 1102 4018 prohibere.
1197 3937 1199 3944 '

298 4026 499 4102 puchritudine
515 4027 605 4084 boum.
821 4023 867 4086 29⁴.
881 4029 1075 4104 nequiquam:
1085 4027 1327 4107 l’Jrzequicqunm.

238 4117 281 4172 27.
299 4116 418 4173 bouum:
436 4115 482 4190 P]
501 4115 590 4173 boum.
820 4117 864 4173 30.
881 4110 922 4174 scd
939 4114 1151 4194 Peloponneso.
1178 4151 1211 4164 -·
1233 4117 1274 4177 ll:
1296 4137 1326 4176 ex
