2756 4720
525 302 633 394 urana
650 301 684 365 v.
763 377 768 388 Ι
1088 287 1153 358 aaa

38 469 107 556 ιίε.
126 491 256 536 memor
279 489 455 559 quam-per
477 477 525 536 tot
551 489 653 534 annos
681 465 808 534 obsides
836 467 948 535 urbem
969 467 1011 534 eir
1038 490 1075 534 ea
1096 465 1154 534 tibi

39 571 99 644 his
123 597 211 663 quae
231 581 326 644 nme.
339 573 522 662 panduntur
540 571 611 638 fatis
634 571 798 642 uiatoriam
821 573 942 638 datam:
971 571 1056 639 bello
1084 583 1153 662 per·

38 677 140 746 fecto
166 679 287 747 domun
309 676 452 768 amptum
473 677 576 746 vietor
595 677 637 746 ad
658 701 732 744 mea
752 672 873 767 templa
895 686 1031 766 portato,
1052 699 1153 743 saera*

39 807 114 872 qtae
146 783 247 872 patria
275 787 417 873 qrronrni
440 782 557 850 onrissa
579 785 665 851 'eura
680 795 745 850 ’est
771 783 944 850 instaurata
966 791 1005 848 ut
1030 780 1155 848 adsolet

40 887 187 956 iacito“.
251 943 255 958 .
294 899 298 910 ’
336 943 337 950 .
517 941 519 953 ,
670 917 673 923 “
777 941 779 948 .
979 891 984 905 “
1166 897 1184 954 ὅ

142 991 245 1064 XVII.
288 992 403 1083 lugens
424 993 497 1062 inde
519 993 629 1069 baberi
650 994 776 1086 captivo
791 995 857 1062 vati
884 992 989 1060 honos
1012 1000 1155 1082 coeptus,
1267 1043 1269 1046 .

44 1119 196 1187 eumque
219 1097 368 1168 adbibere
379 1093 504 1166 ‘tribuni
518 1100 654 1167 rnilitum
668 1099 834 1168 Cornelius
850 1097 1098 1186 Postumiusque
1114 1095 1155 1160 ad

44 1192 179 1293 prodigi
199 1200 314 1268 Albani
341 1203 597 1294 procurationem
624 1223 662 1272 ae
690 1206 770 1273 deos
800 1205 858 1272 rite
883 1201 1062 1296 placandos
1084 1223 1154 1268 eoe-

45 1329 142 1396 pere.
175 1306 404 1398 inventumque
425 1310 555 1377 tandem
577 1319 634 1392 est,
657 1310 711 1375 ubi
725 1310 886 1377 neclectas
898 1297 1089 1375 'cerimonias
1110 1304 1182 1370 in..

49 1411 280 1486 tenuissumve
303 1413 457 1491 saltemne
480 1414 522 1480 dii
544 1424 720 1503 arguerent,
742 1414 819 1480 nihil
833 1414 977 1503 profecto
994 1411 1070 1478 aliut
1085 1431 1154 1477 esse
1170 1423 1203 1478 tu

49 1540 154 1612 quam
174 1516 375 1605 magistratus
396 1518 473 1585 vitio
489 1529 612 1586 creatos
628 1515 755 1584 Latinas
777 1541 969 1607 sacrumque
983 1515 1155 1582 inAlbano

36 1632 167 1688 ‘monte
187 1643 254 1688 non
275 1620 334 1696 rite
357 1623 552 1711 concepisse.
587 1644 687 1689 unam
709 1621 923 1711 expiationem
949 1643 1062 1686 eorum
1084 1639 1156 1686 esse

50 1737 90 1792 ut
111 1724 230 1793 tribmi
250 1724 387 1792 militum
409 1725 590 1792 abdicarent
612 1747 648 1792 se
665 1725 862 1815 magistratu,
887 1723 1026 1814 auspicia
1049 1723 1089 1790 de
1111 1723 1157 1787 in·

51 1841 144 1920 tegno
167 1839 385 1921 repeterentur
407 1829 440 1898 et
461 1829 674 1920 interregnum
688 1829 827 1897 iniretur.
866 1853 904 1896 ee
926 1827 970 1894 ita
984 1829 1067 1896 faeta
1082 1837 1157 1910 sunt
1197 1899 1201 1914 ,
1257 1891 1263 1896 .

54 1958 97 2001 ex
120 1944 249 2002 senatus
272 1935 429 2001 consulto.
466 1934 637 2024 interreges
659 1945 724 2002 tres
746 1933 896 2023 deinceps
922 1933 1012 2001 fuere
1033 1931 1070 2000 L.
1093 1931 1155 1999 Va·
1169 1941 1203 1998 15

51 2038 150 2106 letius
174 2039 214 2125 Q.
237 2039 388 2108 Seru'liris
410 2039 545 2106 Fidenas
567 2039 612 2106 Μ.
639 2038 753 2106 Furius
780 2037 943 2106 Camillus.
980 2059 1157 2127 numquam
1190 2044 1192 2068 ¹

72 2163 99 2220 Μ.
117 2161 195 2218 bello
215 2161 368 2237 perfectoi
390 2159 414 2217 P
434 2147 470 2220 ni.
492 2163 517 2220 2.
535 2160 571 2220 Μ.

118 2255 153 2292 -ἑ
165 2247 188 2304 Ρ
199 2269 235 2306 ιιι.
249 2255 290 2308 1.=
307 2249 439 2328 profecto.
452 2279 486 2290 -
501 2247 524 2304 P
535 2267 571 2306 m.

703 2163 749 2228 49,
763 2161 817 2220 12:
837 2163 930 2229 „iuter
940 2162 1015 2240 ipsos
1027 2179 1103 2233 reges
1115 2160 1156 2214 in·
1214 2195 1215 2200 =

700 2257 807 2325 gentem
825 2250 1017 2312 auetoritate‘b
1035 2247 1065 2304 id
1083 2245 1158 2324 quod

120 2340 158 2394 1.ι
186 2345 345 2414 sacratoque
367 2339 452 2414 patria
479 2355 571 2394 corum

120 2422 219 2477 omissa
239 2441 302 2477 eura
320 2431 361 2478 est
381 2425 524 2478 instaurata
542 2431 573 2479 ut

120 2507 224 2564 adsolet
247 2507 337 2566 sartio.
365 2527 402 2572 m.
423 2511 462 2564 2:
486 2527 571 2564 saera-

121 2615 173 2672 que
189 2597 275 2673 patria
293 2607 415 2672 quorum.

76 2686 103 2743 6.
118 2685 225 2760 ingens
243 2683 312 2740 inde
324 2681 430 2740 haberi
439 2684 571 2759 captiuo}

122 2771 184 2828 aaa
198 2768 294 2828 bonor
305 2779 425 2844 coeptae
437 2772 573 2846 capione

122 2859 208 2914 noted
224 2856 314 2932 coept’
330 2859 335 2928 Ι
352 2877 462 2934 rumpe
479 2856 515 2917 Μ.
537 2889 571 2900 -

24 3013 29 3024 Ι
121 2943 209 3004 Codd.
237 2944 354 3023 Neapp.=
384 2945 478 3018 ingens
508 2943 573 3000 inde

121 3032 211 3094 baberi
224 3035 331 3111 captiuo
343 3035 400 3090 neti
411 3033 499 3092 bonos
510 3051 572 3089 eoe-

120 3127 180 3194 ptus
192 3138 305 3196 eumque
322 3129 373 3180 eet
385 3151 419 3162 ·-·
438 3119 481 3180 Cf.
494 3123 520 3190 b,
532 3123 571 3180 7.:

124 3203 202 3270 „fieri
221 3205 311 3264 iore“.
324 3237 359 3248 —
375 3205 514 3264 Librarius
526 3229 582 3264 co-·

124 3289 191 3346 dieis
217 3288 240 3348 Ρ
266 3293 346 3346 etiam
373 3292 426 3348 boe
451 3293 514 3350 loeo
543 3303 574 3350 ut

54 3389 59 3428 ι
124 3388 203 3453 saepe
221 3376 285 3434 alias
304 3375 416 3436 duarum
427 3379 573 3438 lectionum

123 3462 230 3520 alteram
248 3463 342 3540 elegit:
370 3467 487 3540 „iugens
510 3468 574 3524 inde

123 3549 213 3608 baberi
231 3553 355 3628 captiuus
372 3561 448 3609 uates
462 3564 574 3631 coeptus

125 3644 256 3714 eamque“
272 3647 323 3699 cat.
342 3639 465 3710 (Beth).
482 3661 575 3699 verum

124 3723 213 3780 sicubi
223 3721 317 3782 Livius
333 3745 401 3785 voce
413 3730 519 3805 ingens
537 3730 575 3783 ita

125 3811 253 3880 utebatur,
269 3811 374 3875 solebat
386 3816 464 3870 etiam
476 3814 576 3874 addere

125 3895 266 3955 ablativum
277 3901 317 3958 rei
329 3921 381 3978 qua
393 3903 454 3979 quia
463 3922 575 3977 magnus

124 3982 206 4042 tactus
224 3995 302 4044 esset.
321 3988 355 4047 cs.
374 4009 415 4048 ex.
433 4007 471 4063 gr.
491 3993 517 4055 4,
531 3992 572 4046 (ιι

126 4068 291 4140 „Canuleius
308 4076 421 4132 victoria
440 4074 474 4132 de
491 4078 573 4152 patri-

705 2357 737 2392 eo
755 2339 844 2394 miuus
858 2337 883 2395 b.
896 2336 915 2398 l.
933 2338 1011 2414 parvi
1028 2335 1160 2392 momenti
1239 2337 1242 2344 ’
1261 2355 1265 2364 ’

704 2433 778 2492 erat,
817 2444 878 2479 eum
912 2425 1009 2480 honos
1047 2431 1158 2500 propter
1247 2451 1251 2464 ·
1359 2441 1361 2448 ·

705 2529 880 2588 personarum
909 2511 1083 2565 mutationem
1111 2507 1157 2563 ba·
1245 2529 1247 2538 ’

705 2596 769 2653 bere
791 2594 881 2654 lotum
904 2616 959 2654 nou
985 2615 1066 2674 posse
1082 2594 1157 2652 vide·

705 2689 788 2742 retur.

659 2771 686 2827 7.
696 2787 821 2846 eumque
828 2770 1011 2830 adhibente.
1020 2772 1080 2830 mrl.
1087 2770 1158 2826 Cor·

704 2857 802 2913 nelias
828 2856 1073 2936 Postumiusque:
1099 2855 1158 2916 ΡΜ.

703 2975 738 2986 -
750 2942 785 3000 P:
804 2944 840 3000 ad
850 2945 979 3023 prodigia
990 2945 1083 3003 albani
1093 2963 1157 3022 pro-

706 3033 878 3093 curationem.

661 3115 688 3177 9.
706 3122 1049 3178 πειΙειίαιιενῆηοηίαιι
1061 3118 1100 3191 P]
1113 3139 1159 3174 ne-

707 3205 808 3280 glectas
824 3207 870 3276 (M
881 3229 917 3264 m.
927 3211 971 3278 2.)
985 3207 1159 3262 ceremonias.

706 3324 741 3334 —
751 3293 779 3351 Μ
791 3313 826 3352 m.
838 3300 877 3352 1.:
887 3294 1020 3350 neclectas
1031 3294 1159 3348 caerimo-

703 3383 772 3440 nias.
790 3409 825 3422 ··-
842 3379 904 3436 PM:
923 3378 1159 3438 intermissumue
1219 3447 1221 3456 Ι

706 3467 859 3525 sollemne.
880 3495 915 3510 ·-
940 3465 1160 3526 Pm.1.=nibil
1255 3473 1258 3480 “

704 3553 827 3632 proiecto
840 3552 907 3611 aliut
916 3573 975 3612 esse
987 3573 1066 3634 quam
1078 3554 1159 3626 magi·

708 3650 808 3700 stratos
815 3643 1067 3700 uitiorumcreatos.
1078 3643 1159 3710 m.2.:

707 3729 783 3788 uitio.

646 3817 698 3874 13:
706 3818 857 3891 auspicio:
875 3814 906 3874 P.
925 3849 959 3860 -··
976 3815 1017 3873 Μι
1032 3816 1159 3892 ,auspitia

646 3905 689 3962 14.
707 3920 743 3958 ea
766 3905 808 3959 ito
823 3902 915 3974 facta
936 3913 1007 3960 suat
1028 3923 1069 3960 ex
1085 3911 1159 3960 soa:

706 3987 770 4046 PM:
789 3989 929 4046 metathesi
945 3987 1092 4046 litterarum
1108 4010 1159 4068 pro

707 4097 763 4145 „ex
780 4082 866 4135 seo“.-

124 4156 171 4216 bas
189 4168 216 4216 at
232 4157 318 4236 plebis
337 4161 428 4222 favore
442 4164 571 4238 ingens“2
645 4165 687 4224 16.
705 4183 866 4239 numquam
892 4164 1020 4222 deatum
1039 4165 1159 4222 'interibo
