2836 4720
260 325 323 395 :no
453 300 455 310 ⁴
728 335 837 398 nuso
858 337 891 398 u

258 515 324 586 tur,
351 500 603 597 paventibusque
626 501 756 570 tribunis
777 502 845 570 sine
867 500 1093 570 intercessione
1118 501 1182 568 ullu
1212 494 1367 570 consules

62 621 66 638 '
97 621 101 654 ³
176 679 179 692 ,
258 627 328 677 rem
350 615 513 700 peragunt.
550 615 620 674 turn
641 630 718 675 vero
740 606 831 674 irasci
853 605 945 698 plebs
971 606 1170 674 tribunorum
1198 607 1302 697 magis
1329 609 1366 676 si-

133 739 136 746 ·
259 715 357 781 lentio
380 736 477 804 quum
499 711 669 779 consulum
688 709 838 802 imperio,
860 721 894 778 et
915 711 1020 778 dicere
1043 721 1150 778 aetum
1172 732 1242 777 esse
1267 712 1310 778 de
1335 712 1366 778 li-
1411 743 1413 778 r

260 819 383 886 bertete
404 840 476 900 suu,
502 838 612 884 nnsus
634 815 674 882 ad
702 815 831 906 :utiquo
852 816 1002 898 reditum,
1030 837 1105 883 curn
1127 815 1273 883 Genucio
1300 841 1364 884 uno

229 935 419 991 omortuam
440 945 478 988 ac
506 919 666 1011 sepultam
692 915 891 994 tribuniciam
918 929 1121 1009 potestatem.
1156 919 1241 986 eliud
1270 944 1364 1010 ogen-

259 1031 339 1098 durn
359 1052 397 1096 ec
425 1024 627 1116 cogitandum
655 1049 720 1115 quo
746 1025 846 1094 modo
874 1025 1038 1094 resistetur
1063 1023 1215 1116 panibus.
1252 1025 1287 1093 id
1310 1050 1365 1094 au-

259 1147 325 1202 tem
347 1156 448 1199 unum
470 1129 638 1199 consilium
664 1154 735 1198 esse
761 1141 799 1198 ut
824 1153 863 1199 se.
887 1129 956 1219 ipso
982 1129 1090 1221 plebs,
1122 1131 1251 1220 qtrando
1276 1128 1363 1198 uliud
1412 1145 1413 1150 ’

258 1237 337 1306 mbil
358 1234 465 1305 auxilii
484 1235 610 1319 babeat,
632 1235 791 1306 defendet.
813 1245 964 1326 quattuor
985 1245 1020 1302 et
1034 1233 1143 1323 viginti
1157 1233 1362 1326 lictoresop

259 1365 371 1434 parere
394 1339 578 1408 consulibus
601 1353 634 1408 et
660 1364 721 1408 eos
743 1340 845 1431 ipsos¹
860 1339 963 1432 plebis
990 1339 1147 1408 homines.
1182 1337 1261 1406 nibil
1288 1363 1361 1407 con·

212 1458 246 1513 to
258 1446 411 1539 temptius
431 1468 537 1536 neque
559 1445 722 1530 infirmius,
744 1445 773 1514 si
785 1443 848 1513 sint
862 1443 918 1535 qui
933 1453 1152 1512 contemnent:
1174 1443 1234 1510 sibi
1250 1467 1360 1535 quem-

258 1576 322 1644 que
344 1575 383 1620 ea
404 1575 519 1642 magns
544 1562 640 1643 utque
659 1550 820 1620 horrendo
842 1549 957 1618 lacere.
980 1545 1031 1615 bis
1052 1549 1185 1618 vocibus
1207 1548 1260 1616 elii
1282 1549 1361 1617 elios

167 1653 174 1672 ⁸
258 1679 333 1724 curn
358 1657 559 1741 incitassent,
590 1657 632 1723 ad
652 1653 851 1726 Voleronem
870 1652 1044 1722 Publilium
1070 1652 1112 1720 de
1137 1653 1232 1743 plebe
1261 1654 1361 1750 borni-

257 1785 348 1847 nem,
382 1761 456 1854 quie
479 1761 567 1851 quod
594 1759 721 1829 ordines
750 1755 894 1828 duxisset
918 1761 1049 1850 negaret
1076 1755 1114 1826 se¹
1133 1758 1268 1826 militem
1294 1759 1362 1827 fieri

259 1867 386 1950 debere,
400 1867 500 1950 ¹lictor
521 1866 638 1933 missus
661 1877 710 1933 est
732 1889 750 1930 o
774 1865 967 1933 consulibus.
1002 1863 1122 1934 Volero
1146 1865 1288 1956 appellat
1309 1866 1359 1932 tri·

158 1971 163 1989 ‘
212 1983 246 2035 15
258 1972 373 2037 bunos.
407 1993 482 2036 cum
504 1969 621 2036 auxilio
641 1991 739 2036 nemo
762 1981 857 2052 esset,
878 1968 1026 2037 consules
1048 1969 1179 2061 spoliari
1196 1970 1359 2038 hominem

258 2085 291 2141 et
312 2074 415 2164 virgas
438 2073 579 2164 expediri
600 2073 720 2141 iubent.
757 2065 949 2165 „prov⁴oco“
969 2074 1073 2164 inquit
1093 2076 1159 2158 „ed
1179 2077 1359 2167 populum“

258 2177 395 2259 Volero,
428 2177 605 2269 „quomam
630 2178 748 2245 tribuni
775 2180 879 2246 civem
905 2181 1088 2248 Romanum
1118 2179 1152 2246 in
1185 2191 1357 2270 conspectu

256 2303 317 2348 suo
340 2281 434 2372 virgis
457 2283 547 2351 caedi
568 2282 694 2349 molunt
715 2306 813 2374 quom
834 2284 894 2375 ipsi
916 2285 950 2351 in
970 2285 1056 2352 lecto
1073 2307 1133 2352 suo
1155 2283 1283 2352 ovobis
1297 2297 1356 2352 tru-
1404 2321 1410 2332 =·

257 2385 387 2454 cidari.“
408 2411 473 2478 quo
495 2386 634 2455 ferocius
657 2385 848 2474 clamitabat,
870 2412 909 2460 eo
931 2385 1075 2456 infestius
1098 2388 1355 2457 circumscindere
1409 2467 1413 2480 η

207 2505 244 2560 20
257 2501 290 2558 et
312 2490 447 2582 spoliare
469 2491 571 2560 lictor.
607 2503 678 2561 tum
701 2492 821 2561 Volero
850 2505 882 2562 et
909 2494 1096 2586 praevalens
1117 2492 1187 2584 ipse
1214 2506 1247 2562 et
1275 2495 1355 2562 adiu·

256 2596 401 2693 vantibus
423 2589 585 2666 advocatis
605 2598 736 2689 repulso
758 2599 886 2683 lictore,
917 2597 971 2666 ubi
993 2599 1220 2690 indignantium
1241 2623 1300 2692 pro
1320 2623 1355 2668 sc

257 2700 427 2769 acerrimus
451 2712 518 2769 erat
540 2701 675 2785 clamor,
704 2727 743 2770 eo
766 2727 801 2773 se
823 2705 856 2772 in
877 2706 1005 2804 turbem
1027 2703 1291 2791 confertissimum
1309 2728 1356 2770 re·

257 2805 341 2902 cipit,¹
360 2803 525 2874 clamitans
546 2830 713 2897 „provoco
737 2820 770 2876 et
781 2808 883 2882 ,fidem
897 2810 999 2901 plebis
1021 2809 1163 2899 inploro:
1187 2810 1294 2876 adeste
1317 2809 1355 2875 ci·

258 2911 457 2992 ve's,·‘ndeste
480 2911 729 2978 commilitones:
742 2911 829 2979 nibil
852 2926 901 2982 est
923 2915 1011 3004 quod
1026 2913 1199 3004 expectetis
1215 2911 1355 2983 tribunos

208 3027 242 3084 :5
256 3015 373 3104 quibus
407 3013 483 3104 ipsis
510 3026 618 3082 vestro
648 3017 764 3084 auxillo
795 3042 876 3108 opus
910 3023 993 3094 est“.¹
1036 3001 1184 3112 concitati
1209 3015 1354 3084 homines

255 3114 353 3186 veluti
378 3117 419 3186 ad
445 3117 603 3208 proelium
630 3141 668 3184 se
694 3121 883 3210 expediunt,
915 3122 1153 3214 apparebatque
1175 3146 1272 3193 omne
1296 3122 1355 3215 dis·

1104 3273 1108 3292 ι
1139 3241 1146 3305 l

271 3318 298 3378 6.
316 3334 353 3374 oc
378 3315 571 3396 cogitandum
594 3335 653 3392 quo
681 3317 770 3374 modo
843 3319 886 3380 tt.
904 3320 1016 3379 miscm
1045 3331 1092 3380 est
1120 3321 1146 3382 m
1170 3319 1356 3380 consulibus:

315 3402 541 3464 recictoturel'.
554 3421 586 3460 ac
600 3403 771 3479 cogitandum
901 3406 938 3468 Μ.
954 3439 992 3454 -
1016 3407 1063 3470 R:
1081 3413 1180 3468 missus
1197 3417 1243 3467 est
1259 3411 1276 3466 ὅ
1293 3407 1355 3464 &a

314 3492 396 3550 mode
412 3495 417 3564 Ι
432 3493 589 3550 resistatur:
616 3488 651 3548 Μ.
678 3521 714 3535 -
742 3491 770 3548 Μ
903 3496 1072 3556 consulibus:
1101 3496 1151 3554 sed
1180 3506 1226 3553 est
1254 3515 1383 3570 expuo·-

314 3599 351 3636 m.
371 3582 408 3638 1.:
431 3600 462 3637 se
479 3581 544 3658 ipso
560 3577 646 3656 plebs.
673 3599 709 3639 m.
727 3581 769 3640 3.=
903 3593 975 3642 ctum
991 3595 1042 3644 est.
1059 3615 1093 3626 ·-
1114 3581 1188 3640 llorl.
1205 3601 1237 3640 n:
1255 3584 1355 3639 missus

313 3667 381 3740 ipsi.
900 3680 942 3728 est
958 3681 1019 3729 ets
1040 3668 1203 3726 consulibus.

269 3753 664 3816 8.1n1.etxx.:Pll.-P:
687 3773 767 3832 uppu-
841 3757 883 3816 17.
903 3759 1058 3836 quoniam:
1075 3754 1110 3814 Μ.
1133 3781 1166 3796 -
1190 3753 1227 3811 P:
1245 3757 1299 3832 cim.
1319 3786 1353 3836 7-

312 3859 372 3894 rere
391 3843 446 3896 cos.
462 3839 502 3896 lll:
522 3847 592 3901 coss.
899 3843 940 3900 tt:
959 3845 1045 3900 ciuem
1056 3848 1079 3901 r.
1093 3873 1127 3884 --
1145 3841 1186 3900 ll:
1204 3841 1353 3902 lerocitiur.

251 3930 293 3986 to.
312 3929 343 3983 ci
362 3927 438 3982 sint:
464 3923 495 3984 P.
514 3929 543 3983 si
563 3937 648 3984 sunt:
670 3927 705 3986 ll.
731 3957 769 3972 ·-
901 3931 929 3987 ci
946 3937 1106 4004 expunctum
1124 3941 1173 3991 est.

313 4013 348 4070 P:
368 4015 415 4090 qui
432 4021 632 4092 'contempnunt
800 4093 803 4100 Ι
837 4019 881 4079 20.
898 4029 960 4075 tom
978 4019 1097 4076 volero:
1118 4017 1193 4078 Pur.
1211 4021 1237 4076 9.
1254 4015 1288 4074 Μ.
1316 4049 1349 4058 -

249 4101 354 4160 19.αὰ
383 4101 563 4160 Voleronem
588 4101 765 4161 Publilium:
898 4104 921 4162 Ρ
943 4125 979 4165 m.
1004 4109 1044 4164 t:
1069 4108 1181 4165 ualere.
1204 4137 1238 4148 -
1268 4101 1349 4160 Paulo

128 4183 133 4202 ³
309 4185 367 4246 ΡΜ.
898 4199 962 4270 post
978 4193 1001 4251 P
1017 4213 1054 4252 rn.
1073 4197 1087 4249 1
1104 4216 1112 4249 :
1132 4213 1164 4250 se
1180 4189 1349 4270 exepediunt.
