2838 4822
217 316 244 380 Σ

216 478 363 572 minoris
386 481 490 584 pretii
498 465 636 558 baberi
659 477 781 573 debet,
812 505 921 583 quare
945 483 989 556 ab
1018 509 1062 560 eo
1086 483 1304 586 integriores

216 600 322 678 buius
348 601 488 678 decadis
518 602 600 678 libri
622 601 803 678 Parisinus
830 613 868 678 et
891 599 1076 682 Mediceus
1106 603 1201 687 band
1224 632 1305 682 raro

30 821 48 844 ,Ι
91 791 96 812 ,
217 721 439 800 dissentiunt
455 749 462 786 ¹·
481 749 563 800 nam
589 749 680 826 quae
704 724 890 802 diversitas
916 725 1009 800 sexti
1037 723 1117 801 libri
1141 729 1185 804 ab
1209 727 1306 804 Rbe-

153 913 158 922 .
215 869 308 920 nano
331 845 471 922 laudata
496 855 561 938 est,
585 845 768 920 maximam
792 855 928 947 partem
952 847 1080 947 prioris
1102 857 1211 950 atque
1236 849 1307 924 ele·

216 967 384 1068 gantioris
416 965 549 1043 codicis
574 965 714 1044 videtur
743 967 865 1044 fuisse.
905 963 1113 1070 Aegerrime
1139 995 1225 1048 vero
1256 970 1307 1045 le·

213 1088 363 1166 rendum
387 1097 445 1164 est
470 1088 565 1190 qnod
590 1087 631 1162 B.
647 1088 841 1166 Rhenanus
866 1115 939 1164 non
963 1089 1134 1194 integram
1160 1091 1307 1166 diversi-

206 1218 323 1286 tatem
352 1209 445 1286 illius
463 1207 557 1286 libri
588 1211 820 1291 vetustissimi
844 1211 1002 1286 enotavit
1037 1212 1102 1286 sed
1124 1209 1306 1314 'permulta

214 1330 338 1418 eadem
368 1331 443 1406 sere
473 1332 611 1408 ratione
641 1332 761 1408 omisit
792 1359 862 1434 qua
893 1332 1063 1410 Nicolans
1088 1332 1305 1408 Carbachins

66 1479 86 1508 ν
121 1487 133 1506 ·
214 1452 421 1553 gravissimo
447 1455 657 1555 optimarum
679 1453 874 1531 litterarum
899 1454 1112 1531 detrimento
1141 1455 1179 1530 in
1206 1458 1308 1556 prae‘·

214 1574 432 1651 stantissimo
458 1573 581 1651 codice
597 1573 810 1678 Mogontino
835 1576 977 1651 decadis
1004 1583 1149 1676 quartae
1174 1575 1306 1650 descri-

82 1685 102 1756 f
212 1694 330 1771 bendo
353 1723 440 1790 nens
459 1706 525 1772 est.
567 1723 608 1770 ac
631 1695 731 1772 naid
750 1697 892 1800 quidem
909 1696 1119 1772 laudandum
1137 1693 1306 1796 estquod

210 1817 265 1892 vir
288 1817 444 1917 alioquin
467 1817 756 1917 religiosissimus
773 1820 811 1892 in
826 1812 984 1895 oratione
1002 1815 1150 1896 Liviana
1174 1815 1306 1892 descri-

210 1937 326 2010 benda
349 1963 425 2012 non
448 1940 582 2012 vetusti
602 1935 687 2012 libri
716 1939 830 2038 ipsius
860 1938 926 2014 sed
955 1937 1193 2011 recentiorum
1218 1947 1307 2011 tem·

212 2083 338 2158 porum
365 2055 542 2132 scribendi
566 2058 702 2134 ratione
727 2058 780 2132 uti
798 2058 927 2149 maluit,
953 2084 1021 2158 qua
1043 2083 1084 2132 rc
1100 2056 1233 2157 aliquot
1255 2059 1307 2132 lo-

114 2185 122 2201 ”
214 2179 266 2254 cis
291 2178 522 2255 dubitandum
548 2189 614 2269 est,
639 2205 683 2253 an
699 2203 773 2252 non
796 2184 846 2257 ita
864 2178 1032 2281 quemad
1054 2177 1197 2254 modum
1220 2178 1305 2266 vult,

213 2300 252 2372 in
277 2299 437 2400 exemplo
462 2295 609 2400 antiquo
634 2301 805 2400 scriptum
835 2296 964 2372 luerit·
990 2299 1123 2377 Verum
1147 2293 1185 2372 id
1209 2297 1307 2398 quod

214 2420 264 2494 ita
291 2431 443 2496 erratum
469 2431 540 2512 est,
570 2446 643 2494 non
668 2419 803 2494 homini
828 2417 893 2494 sed
918 2421 1022 2494 aetati
1049 2418 1214 2508 debetur,
1244 2445 1305 2493 nc·

210 2569 281 2644 que
299 2553 458 2644 -propter
489 2568 530 2616 ea
562 2541 754 2642 quidquam
785 2541 830 2616 de
860 2539 968 2644 gloria
998 2541 1066 2624 vi'ri
1098 2539 1303 2638 deglitteris

41 2689 43 2698 ⁴
116 2760 121 2770 .
208 2663 452 2738 immortaliter
482 2664 600 2738 meriti
630 2665 734 2738 etiam
765 2687 785 2736 a
814 2685 871 2738 me
900 2657 1040 2771 'detrahi
1063 2662 1185 2752 velim,
1223 2687 1302 2736 cum

207 2779 417 2888 praesertim
439 2785 580 2862 fortuna
606 2776 765 2886 quadamx
776 2794 975 2884 opportuna
998 2761 1103 2856 nobis
1121 2782 1186 2856 alia
1210 2785 1302 2858 eius-
1345 2823 1355 2840 e

209 2906 290 2980 dem
315 2906 480 3008 antiquae
504 2905 725 2981 recensionis
751 2901 910 3004 exempla
935 2903 1194 3005 elegantissima
1218 2931 1302 2978 con-

208 3038 348 3104 servata
378 3027 450 3102 sint
480 3027 530 3100 ita
561 3051 641 3100 cum
663 3023 896 3100 Rhenaninno
926 3023 1016 3100 libro
1046 3026 1306 3100 consentientia.

206 3160 314 3224 utea
339 3173 430 3249 quae
459 3147 519 3221 ille
542 3145 677 3221 incuria
709 3143 859 3245 quadam
889 3146 1059 3245 neglexit,
1094 3146 1225 3244 optime
1249 3149 1301 3220 vi·
1361 3141 1366 3146 ’

207 3270 364 3344 deantur
381 3267 537 3369 suppleri
561 3291 678 3368 posse.
714 3264 753 3339 hi
776 3265 857 3339 libri
881 3277 966 3342 sunt
989 3265 1195 3368 perelegans
1220 3266 1299 3342 Me-

206 3389 329 3465 diceus
346 3388 453 3464 atille
466 3388 649 3464 Parisinus
668 3387 767 3462 cuius
787 3411 893 3488 supra
908 3388 1124 3462 mentionem
1141 3386 1298 3461 lecimus.

300 3509 485 3603 lllediceus
517 3508 694 3586 undecimi
724 3507 836 3584 seculi
868 3505 980 3582 codex
1008 3508 1296 3583 membranaceus

200 3632 484 3730 (Laurentianae
499 3630 658 3708 bibliotln
683 3629 771 3733 plut
795 3629 853 3721 63,
877 3617 930 3704 19.
938 3631 964 3726 ),
990 3655 1095 3730 quem
1110 3627 1296 3704 verissimo

202 3753 331 3828 iuditio
349 3753 377 3827 Ι.
395 3753 453 3828 Fr.
472 3753 674 3832 Gronovius
691 3753 728 3826 in
745 3749 903 3852 principe
921 3751 1001 3824 loco
1020 3749 1177 3824 omnium
1191 3747 1295 3822 huius

203 3871 347 3950 decadis
373 3873 531 3950 codicum
557 3874 693 3976 posuit,
725 3870 849 3951 decem
881 3871 1015 3972 primos
1043 3869 1154 3944 libros
1178 3868 1295 3946 Livia·

201 4019 269 4069 nos
288 4007 334 4070 ex
349 3994 556 4071 recensione
570 3992 780 4071 Nicomachi
794 3992 924 4068 Dextri
941 4001 978 4066 et
992 3989 1189 4068 Victoriani
1210 4013 1296 4064 con-

201 4116 292 4199 tinet
314 4115 483 4218 integros.
508 4143 552 4192 ex
577 4113 702 4191 eodem
719 4139 791 4216 quo
806 4111 934 4193 librum
949 4111 1216 4202 Rhenanianum
1233 4107 1292 4186 rel

194 4448 241 4455 Α
