2756 4720
506 315 677 406 aronam
1073 299 1134 372 ter

4 483 187 552 tribunus
218 481 353 550 militum
386 480 426 548 ab
460 462 614 548 exercitu
635 499 694 548 suo
723 479 878 570 lapidibus
905 482 1136 572 cooperiretur.

7 589 129 678 quod
158 569 233 656 tam*
254 599 345 654 atrox
371 585 491 654 facinus
519 595 689 676 postquam
717 596 765 652 cst
786 585 923 660 Romam
949 587 1135 671 nuntiatum,

8 691 174 760 tribunis
196 691 331 758 militum
353 689 393 757 de
415 699 518 757 morte
541 689 681 780 collegae
703 713 761 780 per
773 683 1135 780 senatumlquaestiones

10 797 283 864 decernentibus
303 795 419 863 tribuni
439 793 541 884 plebis
563 793 809 862 intercedebant.
835 796 893 862 scd
915 818 953 861 ea
975 797 1135 896 contentio
1220 855 1227 884 ,

11 925 75 969 ex
101 900 281 968 certamine·
300 899 361 967 alio
383 899 550 992 pendebat,
573 899 660 990 quod
679 923 758 966 cura
776 898 947 976 incesserat
967 911 1073 990 patres
1095 909 1175 970 net'
1289 981 1292 992 ι

14 1017 129 1073 metu
153 1004 376 1094 quaestionum
397 1004 489 1095 plebs
510 1003 619 1094 iraque
649 1005 791 1094 tribunos
819 1003 954 1070 militum
979 1029 1020 1072 ex
1040 1005 1136 1096 plebe

16 1119 177 1192 crearet,
204 1103 441 1200 tendebantque
468 1132 594 1175 summa
622 1133 684 1198 ope
711 1119 747 1175 ut
774 1107 923 1176 consules
946 1123 1136 1178 crearentur.

23 1237 115 1283 curn
138 1221 269 1279 senatus
295 1213 477 1282 consultum
498 1213 567 1281 fieri
593 1213 708 1281 tribuni
734 1212 837 1305 plebis
859 1237 925 1281 non
945 1225 1137 1320 paterentur,

19 1319 125 1391 idem
147 1316 378 1384 intercederent
392 1318 609 1386 consularibus
624 1318 767 1401 comitiis,
780 1341 839 1386 res
862 1319 902 1386 ad
922 1318 1137 1410 interregnum

24 1421 140 1490 rediit.
177 1419 307 1488 victoria
329 1421 443 1490 deinde
465 1447 565 1515 penes
585 1434 691 1514 patres
714 1422 782 1489 luit.
1149 1437 1183 1490 10
1258 1459 1273 1482 κ
1336 1505 1338 1516 Ι

126 1521 179 1592 Ll.
223 1525 265 1611 Q.
281 1525 379 1595 Fabio
395 1528 556 1597 Vibulano
577 1529 732 1616 interrege
756 1525 882 1594 comitia
903 1525 1041 1597 habente
1064 1547 1139 1597 con·

31 1629 126 1698 sules
157 1630 253 1696 creati
282 1640 356 1696 sunt
382 1618 422 1697 Α.
450 1630 616 1698 Cornelius
646 1629 767 1698 Cossus
793 1630 907 1696 Furius
933 1631 1135 1700 Medullinus.

31 1734 95 1800 His
120 1731 305 1800 consualibus
325 1731 479 1824 principio
502 1734 575 1800 anni
597 1744 725 1801 senatus
747 1733 930 1802 consultum
950 1736 1071 1804 lactum
1087 1748 1137 1804 est

33 1849 73 1904 ut
94 1837 138 1903 de
162 1837 346 1926 quaestione
368 1837 591 1906 Postumianae
613 1839 719 1906 caedis
740 1837 856 1906 tribuni
880 1839 983 1929 primo
1006 1863 1136 1932 quoque

34 1953 186 2032 tempore
209 1942 250 2007 ad
271 1941 399 2032 plebem
420 1942 539 2010 lerrent
558 1941 736 2034 plebesque
751 1942 938 2034 praeficeret
960 1945 1136 2034 quaestioni
1149 1956 1182 2008 15
1222 1955 1225 1960 '

37 2071 140 2138 quem
161 2045 268 2114 vellet.
308 2071 326 2114 a
348 2045 443 2148 plebe
465 2070 622 2115 consensu
640 2043 752 2138 populi
768 2045 951 2116 consulibus
972 2045 1136 2140 negotium

34 2152 222 2234 mandatur,
242 2150 303 2241 ¹qui
326 2175 451 2218 summa
481 2143 699 2220 moderatione
722 2175 760 2226 ae
786 2151 914 2221 lenitate
940 2179 1000 2245 per
1020 2179 1136 2246 pauco-

36 2279 111 2324 rum
133 2254 338 2346 supplicium,
361 2277 443 2346 quos
465 2255 591 2324 sibimet
611 2257 698 2346 ipsos
720 2257 880 2325 conscisse
902 2269 1040 2326 mortem
1062 2259 1136 2326 satis

38 2360 195 2430 creditum
216 2372 273 2442 est,
293 2371 452 2427 transacta
472 2383 507 2428 re
528 2360 701 2452 nequivere
723 2372 831 2429 tamen
847 2362 1000 2453 consequi
1021 2374 1136 2431 utnon

260 2475 274 2502 δ

58 2528 83 2584 1.
100 2523 236 2582 tribunus
253 2525 393 2580 militum.-
410 2523 441 2583 P.
459 2555 494 2568 -
511 2519 551 2583 bl:

102 2613 225 2668 tribunus
241 2613 297 2668 rnrl.

57 2703 84 2759 b.
99 2707 259 2776 postquam
278 2703 323 2752 est
345 2715 458 2754 romum
480 2715 552 2754 nun·

102 2787 224 2842 etatum:
250 2781 281 2843 P.
308 2812 343 2825 -
369 2781 411 2841 ld:
437 2790 553 2863 postque

30 2883 34 2902 ¹
101 2879 176 2930 romi
192 2871 324 2929 nuntiatb.

59 2962 85 3018 3.
105 2960 290 3036 quaestiones
314 2957 551 3016 decernentibus.-

102 3046 131 3106 P.
149 3073 184 3090 e-
211 3045 254 3103 ll:
276 3047 433 3122 questionis.
459 3067 494 3106 m.
512 3048 550 3105 Ρη

102 3137 263 3211 questiones.
275 3161 310 3176 -
323 3130 385 3190 Pll:
403 3139 438 3193 ti.
455 3133 492 3212 pl.
509 3134 550 3192 iu·

102 3221 279 3278 tsrcedcbant.
293 3221 294 3228 ’

60 3305 85 3365 5.
103 3306 258 3384 quodcum
265 3303 549 3366 incessantem.-

102 3391 177 3450 bold.
195 3411 214 3449 1.
238 3390 271 3448 al.
295 3391 490 3450 intercesserat.
516 3425 550 3440 -.

102 3478 161 3537 ru:
188 3497 225 3535 ne
246 3485 325 3533 metu
347 3479 552 3553 quaestionum

101 3567 182 3641 plebs
200 3567 314 3642 iraque.
337 3593 372 3604 -
393 3562 433 3620 tt:
451 3571 485 3623 ti.
502 3568 551 3622 mi·

102 3651 185 3710 litum.
203 3650 237 3710 uz
249 3651 321 3708 tribu
333 3649 457 3711 militum.
468 3671 503 3712 m.
511 3654 550 3712 ΡΛ

102 3740 222 3796 tribunos
238 3738 362 3800 militum.

42 3825 46 3833 “
63 3827 88 3886 d.
104 3843 166 3882 eum
182 3827 312 3902 castere·
326 3827 549 3902 ιῑ.ῇ1.ηοηρσ.

20 3937 25 3954 ·
102 3913 551 3972 terentur'idemintereederent:

103 3997 156 4058 ΡΜ.
172 4029 209 4042 -
225 3997 323 4060 Bella:
340 3999 431 4058 iidem.

49 4088 87 4148 li.
101 4087 135 4146 A.
147 4086 303 4146 Cornelius
316 4079 550 4147 CossueFurius

101 4173 294 4234 bertelinus.-
311 4171 359 4231 ΡΜ
376 4171 478 4235 lirun.
495 4175 548 4246 sl]

684 2527 718 2585 Α.
742 2525 886 2584 Cornelius
908 2525 1011 2584 Cossus
1034 2524 1066 2586 L.
1084 2527 1135 2583 Fu·

684 2614 740 2670 rius
749 2612 919 2673 Medullinus.
928 2645 962 2656 —-
974 2617 1001 2681 l,
1011 2615 1055 2672 ³5.
1064 2611 1135 2669 aliis·

683 2719 737 2774 que
755 2697 833 2756 locis
847 2700 901 2770 „la
919 2699 1016 2757 Furius
1034 2699 1135 2756 bledul·

683 2782 763 2844 linus.
800 2784 844 2846 Cf.
870 2785 907 2846 il'.
934 2784 997 2845 Livi
1025 2784 1045 2846 l.
1072 2779 1135 2846 ni.

684 2892 712 2948 p.
729 2889 784 2930 art.
802 2875 829 2932 3.

624 2959 665 3018 13.
683 2957 732 3016 lais
749 2957 791 3028 (bl
803 2978 838 3018 m.
852 2961 890 3018 1.=
907 2957 952 3029 bi)
964 2961 1135 3018 consulibus

680 3048 824 3123 principio
849 3049 926 3104 anni
951 3067 991 3106 se.
1013 3047 1135 3120 sactum

681 3141 743 3191 est.-
760 3132 818 3196 PM.
842 3141 877 3178 '-
903 3132 965 3192 Patr
985 3135 1082 3196 caedis.
1100 3139 1136 3193 ti.

681 3224 770 3297 primo
788 3231 839 3282 cel.

623 3308 666 3366 15.
681 3308 843 3386 plebesque
857 3308 1034 3384 praeficeret
1045 3325 1134 3382 quae·

682 3395 775 3450 stioni
812 3384 918 3470 quam¹
938 3395 1042 3451 uellet:
1085 3392 1134 3450 Pul
1211 3443 1215 3450 .

681 3479 755 3538 Harl.
774 3499 792 3540 1.
810 3479 844 3539 sl.

622 3567 664 3628 16.
683 3588 703 3624 a
717 3569 803 3642 plebe
814 3585 961 3626 consensu
973 3559 1081 3644 populi
1088 3568 1133 3638 (b.
1226 3585 1234 3594 ·

682 3675 705 3714 e.
735 3649 946 3728 adprobantibus
977 3655 1132 3733 patribus):

682 3740 739 3799 Pu.
764 3774 798 3785 -
824 3738 889 3798 Pil:
917 3761 993 3820 quos
1018 3741 1134 3800 attimar

679 3831 764 3905 ipsos
781 3830 931 3892 conscisse
944 3836 1068 3887 morum
1082 3848 1132 3885 sa·

681 3918 721 3980 tis
738 3917 882 3974 creditum
900 3925 954 3974 est.

621 4003 664 4064 19.
675 4005 835 4080 nequiuere
843 4011 942 4058 tamen
950 4000 1093 4077 consequi
1101 4007 1132 4055 ut

677 4109 741 4147 non
757 4091 922 4172 reegero-ime
933 4089 966 4146 td
973 4085 1131 4163 plebescu-

616 4204 633 4250 ,t
683 4187 742 4236 ret.-
760 4173 790 4237 P.
803 4209 837 4222 -
855 4175 894 4235 ll:
912 4177 1079 4253 ,nequiuere
1091 4184 1129 4231 ts·
