2756 4720
528 279 637 367 unna
653 305 719 372 v..
927 365 932 375 ,
1090 299 1157 369 sao

54 475 136 544 fecti
164 475 315 544 adversus
333 473 478 553 Faliscos
506 471 749 563 Capenatesque
782 473 860 542 dum
887 473 1009 542 bellum
1035 475 1154 546 maiore

54 579 165 646 animo
187 591 300 671 gerunt
321 601 419 670 quam
446 576 594 660 consilio,
622 575 868 668 praecipitavere
896 601 932 646 se
953 579 986 646 in
1012 580 1154 648 insidias:

54 683 221 751 Genucius
242 693 346 751 morte
368 683 508 750 honesta.
522 680 735 748 temeritatem
755 681 848 750 luens
869 693 942 752 ante
963 683 1051 776 signa
1072 685 1154 752 inter

54 787 215 878 primores
237 786 364 856 ceciditr
385 785 521 878 Titinius
541 781 575 852 in
596 784 716 862 editum
737 787 900 854 tumulum
917 811 958 856 ex
972 788 1073 856 multa
1094 798 1154 856 tre·

53 891 220 982 pidatione
247 891 396 959 militibus
424 889 567 959 collectis
594 888 696 958 aciem
722 891 869 976 restituit,
900 916 962 962 nec
990 916 1025 960 se
1046 903 1187 964 tament>

55 1009 165 1086 aequo
186 997 261 1064 loco
283 996 369 1065 hosti
390 994 559 1065 commisit.
592 993 695 1086 plus
685 995 875 1088 rgnominiae
897 1008 965 1065 crat
981 1021 1079 1090 quam
1093 997 1154 1065 cla·

55 1100 107 1166 dis
130 1113 312 1194 acceptam,
337 1126 420 1193 quae
443 1124 543 1192 propa
564 1087 598 1166 iu
619 1099 773 1170 cladem
763 1111 924 1198 ingentem
944 1102 1052 1172 vertit.
1088 1093 1154 1168 tan·

54 1215 129 1272 tum
154 1207 228 1274 inde
255 1208 383 1275 terroris
411 1229 477 1274 non
505 1205 627 1274 Romae
653 1206 752 1274 modo
782 1229 848 1297 quo
875 1204 1043 1298 multiplex
1069 1206 1154 1273 fama

54 1322 259 1400 pervenerat,
287 1310 376 1378 sed
367 1330 401 1380 tn
420 1301 532 1380 castris
553 1329 685 1401 quoque
706 1308 766 1377 fuit
787 1309 828 1378 ad
849 1309 960 1381 Veios.
997 1335 1090 1404 aegre
1110 1308 1155 1376 ibi

47 1414 150 1482 -miles
171 1426 313 1484 retentus
335 1441 354 1484 a
376 1416 450 1508 tuga
473 1427 531 1502 est,
553 1438 630 1484 cum
641 1413 833 1505 pervasisset
852 1427 955 1484 castra
976 1441 1086 1484 rumor
1101 1416 1153 1482 du·
1169 1433 1223 1488 1⁰«
1269 1437 1275 1450 ·

56 1518 149 1592 cibus
177 1519 383 1610 exercituque
412 1542 507 1588 caeso
534 1518 689 1587 victorem
711 1516 907 1608 Capenatem
936 1545 974 1590 ae
995 1521 1155 1588 Faliscum

55 1619 267 1712 Etruriaeque
296 1646 425 1697 onmem
453 1622 653 1690 iuventutem
678 1621 757 1689 haut
790 1623 903 1712 procul
928 1623 1001 1692 inde
1032 1624 1154 1694 abesse.
1262 1639 1264 1649 ·
1324 1617 1327 1626 ’

55 1723 107 1791 his
129 1726 374 1795 tumultuosiora
390 1726 536 1794 Rornae
526 1750 591 1794 ram
608 1737 711 1794 castra
733 1725 774 1792 ad
788 1726 888 1795 Veios
908 1727 1082 1821 oppugnari
1093 1727 1156 1793 iam
1190 1805 1201 1824 .

56 1839 183 1918 partem
204 1818 345 1924 hostium
367 1830 498 1898 tendere
520 1832 560 1897 ad
581 1831 695 1900 urbem
723 1831 849 1922 agmine
875 1831 990 1899 infesto
1019 1830 1182 1900 credide-

57 1943 140 2015 rant,
163 1937 418 2028 concursumque
440 1935 473 2002 in
494 1959 603 2005 muros
624 1947 689 2021 est,
710 1947 744 2005 et
764 1947 989 2021 matronarum,
1011 1957 1091 2028 quas
1113 1958 1156 2002 ex
1169 1951 1203 2006 15

57 2036 157 2103 domo
180 2037 361 2106 conciverat
387 2039 534 2130 publicus
560 2065 676 2132 pavor,
704 2041 976 2111 obsecrationes
967 2065 1000 2108 nr
1027 2038 1155 2132 templis

55 2140 175 2228 facua,
203 2139 415 2235 precibusque
437 2145 477 2212 ab
499 2144 547 2213 dis
570 2145 705 2237 petinam
726 2157 763 2214 ut
789 2145 920 2214 exitium
942 2145 982 2214 ab
1004 2143 1091 2214 urbis
1113 2157 1156 2214 te·
1272 2176 1273 2186 ¹

27 2277 37 2284 ·
56 2245 118 2314 ctis
140 2247 331 2341 templisque
354 2273 392 2318 ac
405 2249 574 2318 moenibus
583 2249 736 2319 Romanis
751 2246 894 2320 arcerent
905 2251 1067 2342 Veiosque
1082 2272 1161 2318 eum

8 2417 10 2431 ,
58 2360 237 2418 averterent
257 2361 420 2438 terrorem,
442 2353 468 2420 si
491 2377 581 2421 sacra
601 2366 753 2424 renovata
775 2357 834 2424 rite
855 2356 882 2424 si
896 2367 1063 2445 procurata
1085 2379 1157 2444 pro·

57 2449 139 2540 digia
163 2465 279 2521 essent.
1053 2545 1057 2550 .
1169 2471 1206 2526 ιο

146 2551 234 2621 XIX.
277 2551 345 2620 lam
366 2555 433 2620 ludr
446 2559 641 2646 Latinaeque
656 2561 827 2628 instaurata
843 2571 933 2630 erant
947 2562 1011 2630 iam
1028 2585 1070 2630 ex
1083 2557 1156 2629 lacu

58 2656 191 2726 Albano
213 2681 295 2748 aqua
323 2657 437 2725 emissa
466 2658 508 2726 in*
525 2683 633 2750 agros,
664 2661 828 2753 Veiosque
861 2665 924 2733 iata
957 2667 1157 2757 adpetebant.

79 2854 105 2912 1.
124 2853 195 2911 dum
212 2855 320 2914 bellum
344 2858 457 2915 maiore
474 2839 572 2916 ultimo
644 2862 687 2918 17.
706 2863 744 2919 ab
763 2863 810 2921 die
820 2866 957 2941 petitum.-
974 2863 1039 2937 ΡΜ]
1058 2863 1091 2920 bb
1104 2862 1157 2920 diis

120 2947 482 3022 gerunt-quamconailio:
498 2943 573 3004 tttm.
705 2952 826 3026 petitum.
846 2982 878 2994 -
896 2950 937 3010 tt:
956 2951 1125 3030 praecibusq.
1200 3019 1202 3028 ‚
1233 2963 1234 2967 ’

120 3031 146 3088 9.
164 3027 194 3088 P.
212 3061 246 3072 -
263 3029 291 3090 Μ
307 3051 344 3092 m.
363 3035 402 3091 1.:
422 3032 573 3096 consilium.
644 3035 687 3093 19.
705 3057 794 3094 secra
815 3049 974 3098 renouata:
999 3037 1036 3098 Μ.
1058 3069 1093 3083 -
1120 3035 1157 3094 P:
1230 3042 1234 3045 ’

79 3115 105 3175 2.
114 3111 574 3192 pPaeeipitouereaeininsidias:
707 3143 783 3182 sacra
801 3135 940 3187 renouata.

123 3199 171 3256 ΡΜ
184 3201 256 3264 Harl.
268 3224 285 3264 ι.
298 3204 351 3276 al]
364 3208 573 3284 praecipitavere
643 3211 687 3268 21.
698 3211 881 3270 instaurata.-
891 3212 940 3271 ΡΜ
949 3212 1022 3273 Harl.
1031 3211 1157 3272 1.Leid.t.

125 3287 155 3342 lu
172 3289 284 3349 insidias
301 3289 394 3360 (Laid.
411 3297 453 3362 ι).
471 3294 516 3352 Cl.
527 3296 572 3361 23,
660 3339 665 3355 .
705 3326 738 3340 -
756 3297 837 3359 lisca.
851 3301 945 3361 codd:
964 3303 1158 3362 instauratae.

124 3374 166 3431 19.
184 3375 228 3434 37.
246 3373 280 3434 al.
644 3383 688 3440 ΜΞ).
706 3402 788 3458 aqua
805 3389 931 3444 emissa:
949 3385 980 3445 P.
1003 3415 1036 3428 --
1054 3382 1096 3440 llI:
1120 3382 1157 3440 al·

80 3459 106 3518 5.
123 3478 177 3514 nec
202 3479 236 3517 ae
259 3470 358 3520 tomen
384 3476 480 3539 aequo
507 3466 573 3522 loeo
704 3469 774 3525 bano
793 3480 846 3548 atq.
863 3475 953 3532 missa.

122 3543 203 3602 hosti
216 3551 376 3606 commisit:
392 3549 450 3610 Ptt.
541 3571 547 3584 ·
653 3585 687 3598 ν-
707 3556 857 3634 Veiosque
867 3559 944 3631 suto
965 3559 1158 3637 adpetebant:
1241 3612 1247 3622 .

65 3631 107 3690 1⁰.
123 3653 189 3690 cum
202 3637 389 3710 peruasisset
406 3646 509 3696 eastra
525 3659 573 3696 ru·
706 3641 756 3699 ΡΜ
778 3653 805 3700 et
828 3644 886 3704 rell.
910 3647 991 3706 codd.
1013 3677 1047 3690 -
1073 3644 1095 3704 l.
1112 3644 1157 3702 Fr.

124 3738 189 3776 ntor
223 3723 347 3782 ducibus
382 3728 574 3803 exercituque
707 3727 792 3792 Gron
806 3731 921 3790 malebat
932 3733 1050 3791 scribere
1062 3732 1157 3792 Vens

121 3824 226 3864 caeam
235 3808 377 3870 Pla-1²:
386 3813 574 3890 etruriaequae
706 3836 773 3894 que,
792 3837 843 3875 nec
860 3819 890 3883 id
912 3819 1071 3899 displicebat
1088 3818 1157 3874 Dra·

17 3913 22 3920 ·
123 3909 284 3953 nannenu-
299 3895 340 3955 ld:
361 3907 407 3955 aut
426 3897 560 3985 procul.
703 3891 867 3964 lanborcbio
886 3902 1157 4012 qniadpeterebnl
1217 3977 1221 3985 ι

66 3976 107 4038 13.
125 3984 304 4058 oppugnari.-
326 3982 414 4043 l'.-·
437 3983 479 4042 Μ·
506 4005 573 4089 opu·
702 3989 775 4047 idem
792 3991 901 4070 qnod
889 3994 1037 4050 meminere
1056 3991 1156 4067 signill

123 4065 253 4138 gnari-
264 4065 393 4137 Fruar
411 4073 515 4130 aemine
532 4074 572 4130 in·
706 4095 768 4134 cara
785 4088 914 4140 censeret.
935 4079 1157 4156 equidemtamen

96 4151 201 4211 '.lesto
692 4183 760 4221 ¹uon
771 4165 852 4224 video
870 4167 916 4243 qui
935 4169 1100 4226 accusativus
1114 4166 1158 4221 bic

105 4231 295 4318 nutrium.
548 4337 553 4350 1
914 4256 958 4324 34
