2836 4720
211 379 216 386 ι
248 274 311 346 188
723 285 830 348 LIBER
847 286 881 348 1t

246 450 384 543 aparine
405 449 484 541 legis
505 447 677 520 tribuniciis
697 449 833 520 stimulis
855 450 947 542 plebs
969 451 1115 522 fruebit«
1128 450 1281 518 eonsules
1302 453 1348 518 ni

203 573 208 581 ’
245 557 291 626 hil
304 554 432 624 Meneni
453 553 653 624 damnatione
673 553 751 620 nibil
774 555 915 648 periculo
930 555 1066 628 deterriti
1081 553 1205 623 Servilii
1219 578 1349 624 summa

246 663 279 730 ui
299 661 456 732 resistunt.
479 659 630 728 abeuntes
652 657 836 749 magistratp
857 659 915 726 Cn.
932 659 1091 730 Genucius
1113 657 1259 728 tribunus
1282 659 1348 750 ple

245 770 294 838 bis
323 765 462 857 arripuit.
503 763 540 832 L.
568 762 720 834 Aemilius
747 775 780 831 et
805 763 917 854 Opiter
944 763 1112 856 Verginius
1141 762 1348 832 consulatum

215 877 378 968 sineuat„
393 859 574 962 Vopiscum
594 867 710 936 lulium
730 892 789 959 pro
811 867 961 960 Verginio
983 869 1017 936 in
1038 867 1230 959 quibusdam
1252 893 1348 936 anna

243 980 326 1048 libus
349 975 514 1046 consulem
534 973 670 1043 invenio.
693 973 757 1042 hoc
779 997 862 1040 anno
884 1013 928 1026 -
950 995 1172 1066 quoscumque
1194 973 1348 1041 consules

243 1082 355 1152 habuit
380 1121 425 1134 ·-
451 1081 496 1151 rei
526 1078 566 1147 ed
593 1077 750 1171 populum
776 1077 890 1147 Furius
923 1089 957 1148 et
983 1077 1121 1148 Manlius
1149 1079 1350 1152 cirmmeunt

59 1177 65 1184 ’
189 1233 192 1240 ·
242 1182 394 1260 sordidati
420 1207 487 1254 non
513 1183 643 1274 plebem
670 1181 770 1273 magis
799 1205 898 1273 quam
925 1181 1063 1250 ianriores
1094 1193 1238 1276 patrum:
1276 1206 1346 1250 sua-

244 1291 322 1360 dent
341 1297 487 1372 monent,
515 1285 690 1354 honoribus
712 1298 746 1358 et
768 1286 1034 1360 administratione
1056 1287 1103 1356 rei
1122 1287 1271 1379 publicae
1292 1287 1346 1354 ab

171 1396 174 1412 '
199 1395 388 1476 tostineant
410 1391 593 1461 consulares
613 1413 691 1460 vero
713 1390 816 1462 fasces
838 1401 1038 1481 praetextam
1054 1391 1264 1483 curulemque
1285 1389 1346 1458 sel-

242 1500 308 1568 lam
329 1496 407 1566 nihil
429 1494 514 1564 aliud
535 1519 633 1586 quarn
654 1519 808 1587 pompam
829 1495 947 1588 superis
961 1507 1091 1587 putent:
1112 1495 1204 1564 claris
1218 1496 1345 1586 insigni-

243 1604 304 1672 bus
325 1602 414 1672 velut
434 1598 541 1668 infulis
563 1599 684 1686 velatos
708 1601 749 1670 ad
770 1611 908 1672 mortem
921 1600 1087 1670 'destinari
1110 1602 1198 1691 quod
1219 1601 1247 1670 si
1270 1625 1345 1670 con-

240 1709 364 1778 sulatus
386 1716 473 1776 tanta
495 1704 631 1776 dulcedo
653 1705 703 1790 sit
723 1705 788 1775 iarn
810 1729 895 1775 nunc
916 1706 960 1777 ita
981 1706 1015 1776 in
1029 1707 1171 1780 animum
1183 1705 1345 1788 inducent,

242 1813 445 1884 consulatum
472 1821 603 1901 captum
628 1821 662 1908 et
694 1831 884 1901 oppressum
917 1811 957 1878 ab
990 1810 1154 1880 tribunicia
1179 1819 1342 1902 potestate

159 1999 163 2011 1
197 1935 230 1990 15
242 1943 328 1988 esse:
361 1913 484 1985 consuli
510 1913 610 1982 velud
635 1913 805 2004 apparitori
831 1913 997 1988 tribunicio
1027 1915 1133 1988 omnia
1162 1915 1203 1982 ed
1225 1925 1342 1982 nubam

241 2021 475 2141 imperipmquc
496 2016 612 2087 tribuni
634 2017 755 2108 agenda
776 2040 862 2086 esse.
890 2019 918 2086 si
939 2041 974 2086 se
996 2018 1220 2102 commoverit,
1246 2019 1275 2086 si
1295 2042 1341 2086 re

242 2123 382 2217 spexerit
406 2134 528 2215 patres,
560 2121 587 2189 si
608 2122 693 2190 aliud
721 2146 819 2212 quarn
846 2121 976 2212 plebem
1004 2147 1075 2192 esse
1096 2124 1129 2192 in
1150 2147 1184 2192 re
1213 2122 1341 2214 publica

242 2227 422 2312 crediderit,
451 2225 640 2296 exiliumC.
663 2225 771 2309 Marci,
795 2225 924 2295 Meneni
946 2216 1182 2296 damnationem
1204 2239 1238 2296 et
1257 2253 1340 2296 mor

163 2371 166 2380 .
241 2347 308 2406 tem
329 2333 388 2404 sibi
409 2341 590 2424 proponant
611 2340 684 2398 ante
706 2331 828 2404 oculos.
861 2331 911 2400 his
934 2356 1060 2404 accensa
1050 2333 1213 2404 vocibus
1232 2343 1339 2424 potres

302 2572 420 2632 Coruin
437 2571 588 2649 antiquiore
611 2569 681 2628 libro
703 2590 754 2628 ee·-
886 2573 1088 2652 sordidaque:
1105 2568 1179 2632 Harl.
1196 2590 1214 2630 ι.
1231 2569 1338 2633 Lada.

145 2719 150 2732 ,
302 2671 384 2723 terne
402 2660 544 2766 scriptum,
563 2657 660 2718 deinde
678 2661 754 2717 utin
858 2661 1107 2762 sordidatique:
1135 2657 1217 2722 Voss.
1244 2679 1264 2719 ι.
1303 2689 1337 2708 v-

185 2743 189 2754 ’
282 2749 329 2807 Μ
346 2770 363 2806 s
379 2767 461 2825 supra
478 2767 520 2806 ιι
537 2747 656 2821 positum
674 2755 754 2815 esset,
885 2747 948 2809 PlI:
966 2750 1036 2826 reip
1176 2803 1181 2820 ,

300 2835 379 2894 lacile
395 2835 492 2902 fiebat,
518 2843 548 2896 ut
564 2853 616 2912 pro
630 2854 700 2909 pact
694 2833 753 2890 '·le
826 2836 869 2898 12.
880 2834 1049 2900 destinari:
1042 2821 1093 2889 ·ll
1110 2835 1192 2898 ιιι.3
1207 2831 1238 2895 P
1256 2831 1336 2889 desti-

301 2931 408 2996 geretur
426 2923 578 2998 pacic-
605 2921 628 2978 P
650 2941 686 2980 m.
714 2923 753 2980 1..
886 2923 959 2977 neri:
976 2920 1005 2978 ll
1021 2940 1057 2978 m.
1077 2923 1104 2986 1,

302 3007 502 3072 continuantnn
825 3008 868 3066 13.
886 3009 946 3066 iam
963 3009 1092 3070 ιιιιιιιίιιι
1103 3009 1135 3068 in
1146 3009 1276 3066 animum
1293 3009 1335 3064 ιἰι-

257 3096 283 3154 ff.
301 3093 436 3151 Meneni:
447 3092 515 3164 ΡΜ]
528 3092 653 3154 lienenii.
665 3126 699 3138 -
711 3092 753 3154 Mt
860 3103 864 3112 '
885 3093 1010 3160 ducant:
1034 3093 1070 3158 Μ.
1088 3097 1142 3152 iam
1163 3105 1232 3154 tunc
1252 3096 1289 3152 ita
1304 3096 1335 3151 in

299 3201 343 3244 cn.
360 3179 483 3256 genutius
500 3187 535 3239 tr.
548 3178 585 3256 pl.
598 3181 751 3256 aripuit—e
884 3181 1002 3238 animum
1019 3181 1160 3242 inducant:
1177 3182 1208 3243 P.

298 3268 334 3328 1¹:
353 3275 388 3328 ιι.
405 3264 443 3342 pl.
822 3267 866 3330 11.
884 3267 922 3326 ab
934 3269 1089 3332 tribunicia
1098 3279 1263 3346 potestate.-
1276 3269 1333 3330 Pu.

254 3359 281 3418 1.
300 3355 335 3416 V
329 3344 477 3434 ινὲνίιιίιιιι
494 3350 537 3427 P]
555 3351 701 3430 Virginius.
714 3385 749 3397 —
882 3386 918 3397 -
935 3353 975 3414 Μι
993 3355 1079 3416 uelud
1094 3359 1234 3436 aperitort
1259 3358 1282 3420 P
1298 3378 1334 3418 m.

272 3442 340 3510 =Ill:
358 3443 494 3520 uergnins.
516 3473 550 3483 -
574 3440 609 3498 P:
628 3444 750 3520 opiseum
824 3503 826 3510 ,
884 3447 923 3503 1.:
944 3445 1037 3506 uelud.
1381 3449 1386 3456 “

297 3529 400 3590 iulium
418 3555 466 3580 ψ’
602 3583 613 3594 .
822 3531 865 3592 18.
883 3533 1008 3592 exilium
1031 3535 1063 3592 C.
1082 3533 1192 3600 Marci,
1215 3530 1336 3592 Manem·

252 3620 278 3691 b.
300 3617 461 3696 Verginia:
478 3615 550 3690 Pal]
566 3615 696 3691 Virginis.
715 3649 749 3661 -
883 3617 1332 3692 damnationem:t’lt<nisiqaod

293 3703 374 3762 lllm.
394 3707 432 3760 1..
450 3704 479 3760 in
497 3704 572 3783 quib
586 3703 749 3782 [damnalib.
881 3707 1064 3777 cmmarcil]
1082 3702 1205 3766 exsilium
1217 3700 1331 3763 ultas

297 3795 354 3850 cis.-
363 3791 480 3852 inuenio.
492 3811 527 3878 m.
537 3794 593 3854 ἣτ’
585 3813 614 3852 m
623 3794 696 3872 quib
698 3791 747 3866 de!
884 3789 1330 3872 cii‚llleneniida1nnetionem.-

294 3877 419 3940 annalib.
437 3882 493 3936 ctis,
510 3879 674 3940 inuenio-
640 3878 748 3940 -ΡΜ·
881 3880 917 3938 P:
943 3898 1005 3940 esse¹
1024 3879 1054 3940 in
1075 3881 1135 3954 rep,
1150 3877 1191 3944 ll:
1218 3901 1278 3940 esse
1300 3882 1328 3937 in

295 3984 477 4044 quoscumque
494 3973 571 4025 coris.
589 3967 747 4038 habuit-
878 3969 945 4047 reip.

295 4052 329 4116 P:
348 4053 433 4118 firrius
452 4063 479 4114 et
495 4052 632 4114 manilius.
820 4059 862 4118 19.
877 4061 1059 4130 proponant:
1075 4051 1125 4128 ΡΜ
1136 4052 1239 4118 Ηιιι1.ι,.
1253 4051 1327 4114 Leia.
1387 4129 1391 4136 ι

250 4143 278 4202 8.
295 4142 458 4217 sordidati:
468 4139 504 4202 Μ.
513 4139 747 4206 ιονᾱίιίαιίιιιιΡ.
879 4142 918 4216 n]
935 4150 1077 4222 proponet.
