2832 4720
540 241 649 353 unsa
665 287 712 350 ιιι.
1111 275 1173 346 251
1295 344 1298 354 Α

9 475 15 534 t
78 476 152 523 rem
183 451 356 542 inciperent
382 451 607 542 sufferrentque
634 451 751 543 pedem
778 450 806 520 si
832 450 973 541 reoeptui
993 451 1173 538 ,ceenuset

8 539 13 610 ἶ
75 556 202 648 equites
224 555 301 626 item
321 579 398 624 suae
421 556 536 646 cuique
558 556 638 648 parti
664 567 739 648 post
765 553 918 646 principia
943 555 1091 626 collocat.
1128 557 1173 626 ita

30 661 35 684 ⁴
73 661 227 728 trifariam
249 662 378 730 adortus
406 671 507 730 eastra
533 659 740 730 circumvenit
761 670 890 730 etcum
915 659 1056 750 undique
1080 661 1173 730 insta-
1221 688 1224 702 ¹

71 775 134 849 ret,
155 789 220 833 non
242 765 433 844 sustinentes
454 766 609 856 impeturn
626 765 763 834 Volscos
785 763 870 832 vallo
894 763 1054 832 dettubat:
1076 778 1173 834 nans·

70 893 211 960 gressus.
229 870 303 938 inde
330 869 518 939 munitiones
546 869 696 960 pavidam
721 867 848 936 turbam
873 867 1119 960 inclinatamque
1141 870 1203 944 inf,

70 985 200 1066 partem
221 997 319 1042 unam
341 974 449 1044 eastris
476 974 618 1065 expediit.
656 974 730 1042 iude
750 973 851 1042 effuse
878 972 1034 1064 fugientes
1064 997 1173 1065 eques,

70 1079 127 1150 cui
149 1101 299 1167 superare
318 1079 439 1156 vallum
459 1075 546 1148 taut
566 1079 658 1148 farile
680 1079 791 1162 fuerat,
813 1101 889 1146 eum
910 1078 998 1146 adid
1012 1088 1174 1170 spectator

69 1203 202 1272 pugnae
224 1183 401 1267 adstitisset,
421 1183 521 1280 littero
544 1207 658 1275 campo
681 1184 815 1275 adeptus
829 1191 919 1273 parte
933 1182 1085 1250 victoriae
1100 1181 1173 1250 [rui-

70 1297 126 1356 tur
147 1285 273 1356 territos
303 1289 475 1358 caedendo.
512 1311 628 1378 magua
649 1299 684 1358 et
703 1287 737 1356 in
759 1287 869 1356 eastris
896 1297 930 1356 et
957 1281 1046 1358 entra
1074 1284 1174 1354 muni-

69 1402 182 1460 menta
215 1391 319 1460 saedis
341 1392 528 1484 fuff’entium
549 1393 621 1474 tuit,
655 1393 712 1462 sed
740 1391 858 1482 praeda
885 1391 986 1460 maior
1013 1390 1087 1481 quia
1119 1388 1174 1457 vix
1187 1408 1222 1464 to

70 1519 161 1563 arma
183 1519 294 1567 seeum
315 1496 426 1566 efferre
447 1497 550 1566 hostis
564 1497 683 1587 potuit:
707 1497 895 1586 deletisque
911 1496 1068 1566 exercitus
1090 1494 1175 1564 toret
1208 1527 1211 1540 ·

69 1600 107 1670 ni
129 1601 277 1690 fugientis
297 1600 396 1669 silvae
412 1600 582 1668 texissent

162 1704 278 1772 XXIII.
321 1703 411 1772 Dum
431 1703 472 1768 ad
492 1701 624 1772 Antium
644 1703 726 1774 haec
747 1715 907 1796 gemntur,
927 1703 1053 1772 interim
1070 1699 1174 1792 Aequi

67 1808 189 1878 robore
220 1805 391 1876 iuventutis
423 1806 596 1896 praemisso
629 1832 737 1878 arcem
764 1807 980 1876 numanam
1012 1805 1174 1895 inproviso
1223 1839 1229 1846 ·

68 1923 168 1982 nocte
190 1913 333 2004 rapiunt:
369 1909 493 2001 reliquo
514 1913 657 1984 exercitu
677 1914 764 1982 haud
785 1913 899 2004 procul
919 1911 1088 1982 moenibus
1109 1909 1173 1976 'lir-
1186 1927 1220 1984 15

134 2053 189 2109 sit:
210 2051 267 2112 ΡΜ.
285 2081 320 2092 ·-
338 2049 443 2125 Fragm.
460 2050 589 2112 floreret

136 2137 589 2217 obseruart.-P:reoenentqne

87 2226 116 2285 2.
134 2245 209 2284 suae
234 2226 340 2303 cuique
364 2227 459 2302 parti:
485 2225 535 2284 ΡΜ
561 2237 590 2284 et

133 2310 191 2372 rell.
210 2311 309 2385 codd]
332 2314 495 2390 statuique
517 2315 589 2392 parti

722 2055 816 2114 destun
834 2065 861 2110 et
883 2073 958 2112 auos
971 2051 1054 2128 porti
1070 2059 1097 2106 at
1114 2050 1173 2106 cui-

723 2163 781 2220 que
796 2143 885 2220 paret
904 2139 938 2200 cf.
955 2141 982 2208 Μ,
1000 2140 1059 2197 trin
1077 2135 1124 2194 uti
1140 2135 1174 2196 Ia.

721 2251 777 2288 non
786 2251 860 2290 suae
868 2229 975 2307 cuique
983 2221 1173 2301 inspicereti-
1241 2274 1250 2290 ,

721 2320 778 2396 psit
810 2317 859 2376 sed
892 2323 1058 2394 „postquam
1092 2312 1175 2366 timor

136 2396 378 2470 (1.Fr.Groo.).
425 2399 534 2459 Livium
559 2403 589 2460 iu

134 2482 178 2538 his
189 2482 296 2540 dicendi
309 2486 450 2559 generibus
460 2487 590 2561 singulari

94 2587 97 2598 ’
134 2566 250 2647 quadam
258 2573 362 2627 rationo
372 2591 451 2628 usum
460 2591 589 2630 essenon·

134 2665 196 2715 stat.
222 2677 302 2734 quern
325 2656 491 2716 admodum
508 2660 590 2734 igitur

135 2743 207 2820 apud
224 2765 286 2802 eum
304 2746 412 2803 nomina
424 2747 589 2803 snbstanu‘rs

134 2833 251 2908 genitivo
269 2831 341 2890 inter
357 2853 389 2889 ss
411 2853 531 2892 connexa
548 2837 589 2893 vi·

133 2917 227 2998 demus
250 2918 323 2975 nulla
347 2921 404 2977 eius
429 2921 502 2997 qnod
525 2941 588 2999 pro·

61 3047 67 3054 «
132 3008 235 3064 nimum
264 3005 351 3064 suerat
377 3007 452 3071 vorbi
483 3013 589 3069 ratione

134 3091 225 3153 habita
245 3095 292 3164 (2,
311 3097 353 3152 1.:
375 3094 587 3166 multitudinisJ:

133 3181 175 3236 sie
197 3179 257 3236 aliis
274 3178 343 3237 loeis
366 3180 399 3239 ab
424 3182 518 3242 eodem
539 3203 587 3240 no·

131 3269 205 3322 mina
231 3265 322 3322 dativo
350 3271 491 3336 oouiuneta
516 3280 588 3339 sunt,

136 3351 184 3408 ubi
196 3352 242 3406 atti
254 3353 400 3428 scriptores
411 3365 459 3414 aut
469 3358 588 3430 genitivo

136 3446 183 3494 aut
217 3437 307 3495 verbis
344 3440 440 3514 quibus
470 3442 590 3500 dativum

136 3525 221 3588 scribi
238 3543 349 3582 neeesse
369 3524 462 3594 fieret.
485 3530 528 3586 usi
549 3549 609 3586 es«

135 3622 205 3673 sent.
243 3610 297 3668 hoe
322 3611 404 3686 igitur
429 3611 491 3670 loeo
517 3635 591 3672 suae

136 3701 243 3776 cuique
258 3699 342 3774 parra·
356 3718 407 3756 neo
429 3698 465 3756 sd
483 3702 590 3774 prinoi-

135 3788 196 3860 pio,
208 3796 238 3842 ut
247 3785 332 3851 Grou.
342 3785 439 3854 voluit,
451 3785 590 3848 referende

136 3880 201 3933 sunt
217 3891 267 3932 nec
283 3873 319 3954 ad
330 3875 465 3942 collocat,
481 3873 532 3932 sed
549 3894 591 3932 ar·

138 3958 243 4016 tissime
254 3959 396 4020 cohaerent
411 3981 471 4020 eum
483 3963 592 4020 nomios

138 4044 262 4118 equuteo,
280 4053 359 4122 atque
376 4049 414 4107 ito
432 4057 461 4106 ut
477 4045 510 4110 L.
525 4049 592 4106 haee

139 4129 194 4188 duo
212 4129 242 4188 in
259 4132 300 4190 eis
316 4135 406 4197 inesse
416 4134 535 4196 voluisse
552 4138 591 4197 ri·

721 2406 780 2462 sibi
795 2405 902 2481 cuique
911 2400 1041 2474 suturae
1058 2399 1174 2474 inopr'oe

720 2489 822 2547 abiise
841 2489 922 2548 aL-
936 2486 977 2544 Μι
995 2487 1032 2541 tta
1050 2485 1121 2558 trio}
1134 2483 1173 2540 fa-

720 2595 796 2634 rram.

677 2689 705 2746 7.
721 2705 788 2743 cum
798 2683 842 2741 nd
852 2684 887 2742 id
897 2691 1044 2760 spectator
1053 2699 1174 2760 pugnos
1276 2707 1279 2715 ¹

718 2773 899 2830 adstitisset:
916 2770 952 2830 Μ.
974 2801 1009 2812 -
1039 2768 1175 2828 Pm.1.:

721 2879 782 2918 cum
801 2858 835 2915 ad
847 2858 877 2914 id
889 2864 1108 2933 exspectaretur
1124 2873 1173 2933 pe·

721 2967 772 3024 gno
784 2945 939 3004 adstitisset
947 2937 984 2987 3·-
992 2943 1027 3000 1³:
1043 2940 1173 3016 cedendo.

718 3065 754 3078 -
771 3032 806 3092 P:
828 3044 858 3091 et
874 3042 963 3091 extro
978 3033 1173 3110 nranimento.-

718 3122 768 3179 sed
785 3142 820 3180 m.
838 3123 864 3182 2.
885 3110 989 3178 addidit
1011 3127 1113 3177 castra
1128 3137 1172 3173 su·
1238 3099 1243 3128 ¹

718 3229 768 3289 pra
785 3211 984 3288 munimento,

660 3334 704 3392 to.
721 3323 1174 3408 coedissugientium:PLeid.r.]

722 3416 817 3474 caedes
834 3415 877 3485 (Μ
888 3435 924 3472 m.
935 3416 986 3483 3.).
998 3443 1033 3456 -
1045 3411 1073 3468 M
1085 3431 1120 3468 m.
1133 3413 1174 3468 d.:

721 3503 804 3561 caede
821 3502 986 3576 fugientium.
1001 3529 1036 3544 -
1053 3497 1174 3556 Pm.1.=

722 3590 805 3648 effere
822 3589 917 3646 hostes
934 3589 1031 3666 potuit.
1054 3585 1077 3643 P
1094 3605 1130 3643 nr.
1148 3586 1174 3644 2.

721 3677 750 3736 Μ
761 3697 797 3737 m.
808 3678 848 3735 2:
866 3676 961 3734 efferre
979 3675 1066 3744 hostis
1077 3673 1175 3753 potuit.
1270 3719 1276 3734 .

721 3763 749 3824 Μ
765 3785 802 3825 ιιι.
821 3768 859 3826 t:
876 3763 981 3824 hostes.

662 3875 705 3936 tu.
723 3877 757 3934 ni
772 3875 938 3956 fugientio:
959 3874 1001 3946 P]
1019 3875 1049 3930 ni
1070 3870 1171 3946 fugien-

724 3972 775 4022 tes.
798 3993 834 4008 -·
861 3959 1175 4034 Mm.1.=deletusque

723 4052 857 4110 exercitus
874 4051 933 4111 sors
947 4052 952 4121 Ι
967 4049 1022 4105 nist
1042 4044 1175 4121 fugientis.
1292 4085 1300 4106 ,

723 4159 758 4202 us.
776 4141 818 4202 2:
836 4137 907 4198 torst
920 4140 927 4212 Ι
942 4136 995 4196 nisi
1012 4132 1151 4210 fugientes.
