2832 4720
542 196 561 230 ο
575 261 685 322 tutu
701 261 747 320 111.
1153 251 1217 322 327

113 428 267 506 conditae
295 427 365 494 urbi
392 425 557 508 accidere.
573 421 728 492 Aventini
749 424 902 544 Sacrique
927 426 1043 494 montis
1069 429 1217 498 admone-

114 536 191 617 bat,
221 544 258 600 ut
280 532 334 600 ubi
356 531 482 598 libertas
504 542 593 626 parta
617 541 702 598 esset
729 507 850 620 paucis
848 539 938 595 ante
965 531 1141 617 mensibus,
1176 557 1217 601 eo
1305 519 1307 530 i

114 639 277 730 inperium
299 637 464 704 inlibatum
485 634 652 719 referrent,
679 627 950 724 ostenderentque
974 636 1108 704 eandem
1129 586 1216 705 indo-

112 744 185 811 lem
206 742 357 810 militibus
378 739 531 808 Romanis
557 743 632 832 pbst
658 747 789 808 exactos
812 737 1008 805 decemviros
1036 763 1107 808 esse
1134 766 1216 831 qnae
1321 725 1326 741 ’

113 859 194 916 ante
215 856 339 915 creatos
361 844 465 935 buerit,
481 865 546 914 nec
568 845 710 936 aequatis
730 843 852 934 legibus
865 842 1053 912 inminutam
1067 845 1246 919 tirmtems
1385 838 1392 850 ’

28 981 41 994 ’
113 953 232 1044 populi
246 949 382 1018 Rotnani
403 971 485 1020 esse.
520 950 602 1018 baec
622 948 679 1016 ubi
697 947 780 1015 inter
800 948 887 1039 signa
908 949 1052 1041 peditum
1067 949 1150 1034 dicta
1165 951 1217 1018 de·

113 1059 173 1142 dit,
188 1055 318 1125 advolat
331 1051 444 1123 deinde
459 1056 500 1122 od
515 1045 651 1148 equites.
672 1053 778 1146 „agite
793 1053 956 1139 iuvenes“‚
972 1054 1083 1146 inquit,
1104 1079 1216 1146 „prae-

113 1171 201 1228 state
235 1160 350 1230 virtute
382 1160 523 1252 peditem
554 1173 591 1228 ut
622 1159 745 1227 bonore
780 1170 875 1251 atque
903 1159 1217 1251 ordinefpraestatis.
1271 1203 1275 1210 ·
1327 1143 1337 1168 '

113 1265 222 1358 primo
245 1286 402 1333 concursu
422 1265 523 1355 pedes
544 1265 646 1334 movit
671 1265 814 1349 hostem,
846 1265 975 1358 pulsum
1002 1289 1062 1334 vos
1080 1265 1217 1333 inmissis
1305 1259 1310 1276 '

103 1369 208 1462 equis
227 1369 345 1460 exigite
366 1392 386 1436 e
407 1391 533 1461 campo.
570 1393 635 1437 non
657 1370 864 1446 sustinebunt,
878 1371 1049 1462 impetum,
1078 1381 1111 1440 et
1132 1395 1218 1440 nunc
1231 1387 1270 1445 10·

112 1485 304 1542 cunctantur
325 1474 425 1565 magis
447 1474 750 1566 quamresistunt“.
787 1475 949 1542 concitant
970 1499 1072 1568 equos
1089 1476 1216 1568 permit·

111 1569 252 1670 tuntque
273 1577 307 1646 in
326 1579 456 1670 bostem
477 1579 617 1669 pedestri
642 1579 707 1645 ianr
733 1578 895 1646 turbatum
921 1603 1028 1670 pugna
1057 1589 1091 1646 et
1112 1603 1217 1670 perru-

112 1681 179 1772 ptis
202 1681 364 1749 ordinibus
387 1682 462 1750 elati
483 1683 523 1748 od
544 1681 752 1750 novissimam
773 1681 890 1749 aciem:
922 1706 996 1772 pars
1024 1681 1125 1750 libero
1149 1707 1218 1773 spa·

13 1803 19 1818 ’
112 1785 160 1852 tio
189 1785 394 1882 circumvecti
420 1787 484 1854 iarn
511 1786 621 1878 togam
647 1773 789 1878 undique
816 1795 1018 1878 capessentes
1045 1786 1218 1878 plerosque
1295 1857 1299 1864 ,

25 1909 32 1919 ’
113 1871 267 1960 ιιοιειιίε
290 1903 437 1960 avertunt
456 1890 826 1983 praeterequitantesque
850 1891 1033 1959 absterrent
1075 1891 1218 1982 peditum
1230 1909 1265 1964 15
1361 1941 1396 1968 ι.

113 1991 200 2060 acies
220 2005 256 2062 et
278 1997 422 2065 consul
411 2019 481 2088 ipse
502 1996 615 2087 visque
637 1997 741 2065 omnis
761 1997 838 2065 belli
863 1994 992 2064 fertrn'
982 2019 1016 2062 ιιι
1044 1988 1146 2062 castra
1169 2019 1217 2062 ca·

113 2098 243 2192 ptisque
266 2125 351 2170 curn
367 2103 499 2194 ingenti
495 2102 627 2222 eaedez
657 2102 778 2171 maiore
804 2101 922 2196 praeda
949 2099 1032 2192 potit
1031 2124 1078 2167 ur.
1115 2099 1226 2166 Huius

112 2228 239 2295 pugnae
261 2205 346 2274 fama
374 2208 496 2298 perlata
524 2231 591 2276 non
618 2207 651 2274 in
678 2207 791 2276 urbem
817 2207 916 2284 modo
944 2203 1037 2273 sed
1026 2228 1059 2270 m
1081 2204 1218 2272 Sabinos

114 2307 156 2374 ad
177 2309 313 2378 alterum
345 2312 521 2386 exercitum
547 2313 581 2378 in
607 2312 687 2380 urbe
708 2312 825 2382 laetitia
853 2311 952 2378 modo
977 2309 1136 2378 celebrata
1158 2319 1216 2392 est,

93 2399 147 2476 ¹in
168 2411 277 2478 castris
304 2416 426 2483 animos
453 2415 590 2483 militum
616 2415 656 2482 ad
683 2416 911 2484 aemulandum
937 2413 1035 2481 decus
1064 2412 1265 2486 accendit-20

115 2514 179 2586 iam
200 2513 351 2586 Horatius
365 2509 430 2586 'eos
453 2517 693 2588 excursionibus
714 2517 901 2588 sufficiendo
928 2517 1120 2610 proeliisque
1141 2515 1216 2584 levi-

133 2729 159 2786 1.
177 2727 370 2794 adraonebat:
396 2728 428 2790 P.
455 2727 631 2788 admouebatr
763 2728 876 2807 exigue
893 2747 911 2786 e
928 2745 1045 2800 compo:
1062 2725 1093 2784 P.
1116 2755 1150 2766 -
1175 2721 1216 2780 tl:

127 2829 130 2836 '
175 2813 212 2874 Μ.
231 2847 265 2858 -
283 2815 347 2874 ΡΜι
370 2835 402 2892 eo
420 2817 554 2895 inperium
570 2815 630 2874 inli-
763 2814 872 2894 pulsum
905 2834 957 2872 uos
985 2815 1120 2872 innuisse
1155 2813 1216 2887 quis

99 2904 105 2916 ‘
176 2903 268 2960 batum
286 2903 425 2964 referrent
661 2929 663 2946 =
763 2905 816 2974 (ιιι.
833 2905 872 2962 br
890 2903 995 2960 inmisis
1013 2901 1215 2979 equis)'exigite

133 2991 157 3066 4.
180 3011 258 3069 qnae
283 3001 353 3059 onte
379 2983 496 3050 creatos
514 2991 630 3064 fuerit.-
762 2990 801 3048 de
819 3011 923 3068 campo.

174 3077 232 3138 ΡΜ.
259 3109 294 3120 -—
320 3077 394 3138 Harl.
412 3099 444 3140 t:
472 3101 540 3158 quae
567 3090 629 3136 onte
700 3077 743 3137 15.
760 3098 787 3141 a,
803 3079 911 3138 castris
936 3086 1090 3136 auertunt.-
1115 3075 1151 3134 Μ.
1178 3083 1224 3118 -’

171 3185 226 3222 eos
253 3177 357 3222 creatos
384 3166 473 3226 fuerit.
503 3199 538 3210 -
565 3165 627 3224 Ptl:
760 3164 794 3223 P:
812 3189 827 3224 a
846 3167 941 3224 castris
959 3174 1092 3224 euertunt.

176 3253 331 3316 inminutam
350 3254 477 3312 uirtutem
495 3260 536 3330 pr.
560 3273 627 3311 esse.
708 3287 742 3298 ·-
748 3255 1092 3331 praeterequitantesque
1103 3248 1213 3308 obstar-

133 3337 159 3392 7.
185 3336 326 3394 oduolot:
354 3337 411 3398 PM.
440 3371 478 3407 ,-
510 3339 584 3398 Harl.
611 3361 629 3398 ι.
764 3351 844 3398 rent:
867 3340 889 3396 P
917 3339 977 3397 cod.
999 3337 1085 3395 Rhen.
1114 3367 1147 3378 --
1173 3335 1212 3393 Μι

66 3467 67 3476 ,
145 3493 147 3498 Ι
177 3421 254 3484 Leit.
272 3443 305 3483 tr
328 3423 426 3484 auolat.
461 3425 557 3504 (ΜΞ,ἱ
570 3429 627 3486 2⁰.:
760 3428 1028 3504 praeequitautesque
1045 3424 1204 3480 absterrent.

177 3517 234 3568 tum
252 3511 287 3568 ad
306 3513 410 3594 equitcp
421 3511 628 3574 dictator-advo·
701 3516 743 3574 16.
761 3515 915 3589 captisque
925 3531 992 3570 oum
1000 3511 1114 3592 ingenti
1121 3509 1213 3566 coede

34 3661 38 3669 ¹
174 3594 213 3654 lat
231 3608 282 3660 cet.
474 3665 476 3672 Α
761 3603 874 3657 maiore
897 3599 1020 3676 proedo
1036 3599 1163 3684 potitur.-
1190 3595 1213 3652 P

110 3686 157 3762 .⁸·
166 3683 320 3744 ethonore
329 3687 659 3765 atqueordineprae-
695 3751 698 3758 ,
738 3705 798 3748 ἀι.
816 3691 842 3748 2.
859 3685 894 3746 Μ,
913 3685 1212 3762 -va.1.:captir·

135 3813 138 3818 ·
175 3776 276 3830 statis·
294 3774 388 3834 Μ.
414 3773 449 3832 Ρ.
477 3783 508 3833 nt
524 3773 629 3832 bonore
761 3795 814 3853 que
833 3795 893 3832 cunr
910 3776 1012 3851 ingenti
1029 3773 1213 3832 redemtioro

176 3867 230 3934 atq.
248 3866 379 3937 prestatis.
759 3861 845 3941 prede
862 3867 975 3940 potitur.

135 3946 158 4002 9.
174 3947 267 4017 pedor
285 3952 377 4008 mouit
394 3948 523 4008 bostem:
543 3948 573 4008 Ρ.
593 3980 627 3991 -
699 3953 743 4010 Μ.
772 3969 829 4008 carc
849 3951 998 4007 remnibus
1028 3945 1210 4022 sufficiendo

176 4031 218 4090 bl:
237 4034 320 4110 pedes
338 4039 457 4094 moucbit
474 4039 589 4097 bostem.
735 3971 1069 4114 'proeiiisqueleuibus
1088 4031 1176 4103 (MHa
1179 4031 1210 4090 rl.

127 4149 157 4160 -
177 4122 307 4192 pulsum'
319 4142 374 4182 uos
397 4124 513 4184 inmrbr's
541 4126 628 4204 equit
760 4143 790 4186 n:
813 4123 927 4182 leuibus.
949 4121 985 4180 P:
1006 4121 1151 4204 pretiisque
1173 4119 1210 4176 lc·
