2836 4720
236 295 302 366 tat
393 247 397 255 Ι
642 291 651 301 “
698 311 805 375 monn
822 311 867 405 ¹¹¹:

237 485 309 566 gata
332 474 403 566 lege
426 497 499 542 cum
520 474 667 543 timerent
689 486 794 566 patres
814 496 855 541 ne
879 473 1059 541 absentibus
1083 473 1268 542 consulibus
1296 475 1342 542 in-

236 603 313 668 gum
335 579 528 670 acciperent,
560 589 688 648 senatus
719 604 737 646 a
765 578 925 670 praefecto
948 579 1033 644 urbis
1056 579 1096 666 Q.
1118 577 1217 646 Fabio
1240 605 1344 647 voca-

236 695 302 750 tur:
324 684 378 774 qui
401 684 480 752 adeo
503 685 649 752 atrociter
670 684 702 750 in
724 683 920 773 rogationem
941 682 1138 772 latoremque
1160 683 1270 774 ipsum
1288 697 1343 752 est

235 787 378 856 invectus
399 799 436 856 ut
457 788 547 874 nihil,
580 789 607 856 si
629 789 723 856 ambo
753 786 899 857 consules
927 787 1031 856 infesti
1060 786 1342 876 circundnstarent

202 893 415 976 etribunurm
442 893 588 962 relictum
608 894 765 960 minarum
791 902 886 982 atque
914 891 1040 958 terroris
1067 891 1117 958 sit.
1153 892 1343 960 insidiatum

237 1020 313 1064 cum
335 1009 368 1066 et
388 1010 533 1088 tempore
556 1009 649 1089 capto
672 998 819 1066 adortum
839 1020 908 1064 rem
929 995 1103 1086 publicam:
1126 995 1153 1064 si
1175 1021 1275 1086 quern
1288 997 1341 1066 si·

234 1103 344 1168 milcm
368 1101 435 1169 eius
452 1102 562 1192 priore
585 1126 668 1170 anno
696 1103 777 1170 inter
803 1101 953 1168 morbum
979 1099 1164 1190 bellumque
1192 1100 1263 1167 irati
1293 1102 1338 1168 dii

234 1206 402 1294 tribunum
419 1206 586 1290 dedissent,
607 1230 673 1276 non
694 1205 835 1296 potuisse
858 1204 934 1272 sisti.
956 1204 1088 1272 mortuis
1109 1203 1235 1272 duobus
1258 1230 1338 1276 con·

235 1309 356 1376 sulibus
377 1309 499 1379 iacente
523 1335 615 1401 aegra
630 1310 762 1379 'cititate
782 1310 816 1379 in
838 1308 1027 1380 conluvione
1055 1307 1198 1406 omqipm
1223 1333 1337 1388 rerum

189 1431 224 1488 10
236 1415 276 1480 ad
297 1413 474 1482 tollendum
495 1414 541 1482 rei
568 1415 714 1506 publicae
742 1414 907 1482 consulare
934 1411 1101 1504 imperium
1129 1412 1269 1480 latinum
1291 1414 1337 1482 le·

233 1542 289 1610 ges
310 1504 421 1604 fuisse,
449 1520 564 1588 ducem
585 1520 712 1588 Volscis
734 1516 917 1612 Aequisque
939 1518 980 1584 ad
1007 1519 1251 1612 oppugnandam
1284 1544 1335 1586 ur-

192 1717 197 1724 *
250 1731 276 1790 1.
295 1732 395 1811 iugum
407 1730 576 1806 acciperent.
587 1765 621 1774 —
633 1730 660 1788 Μ
672 1751 707 1791 m.
721 1735 746 1792 1.

293 1817 316 1873 P
333 1815 406 1876 Harl.
423 1837 440 1876 r.
459 1815 535 1877 Leid.
548 1839 581 1877 1.:
599 1821 688 1896 iugum
704 1840 746 1876 ao

292 1904 403 1980 ciperet.
432 1901 460 1962 Μ
477 1925 512 1964 m.
531 1908 571 1966 3.:
594 1909 685 1982 iugum
702 1927 744 1964 ac·

294 1993 404 2068 ciperet.

250 2095 276 2154 4.
293 2094 560 2151 circumiectoreut:
593 2094 662 2169 ΡΜ]
692 2099 743 2154 cir·

294 2189 463 2238 cumstarent.
482 2213 516 2222 —
545 2180 576 2238 In
594 2185 744 2240 circumire·

291 2276 407 2324 starent
428 2269 499 2323 inest
523 2279 551 2325 et
577 2271 744 2327 circumstat»

293 2362 406 2422 rentfet
423 2355 575 2414 instarent.
594 2355 627 2414 el.
647 2360 671 2425 1,
684 2360 743 2416 30.:

292 2442 550 2519 circuminspicere..
572 2447 596 2512 1,
614 2445 672 2501 bb:
690 2444 743 2504 ad·

290 2528 421 2588 inuoluta.
439 2528 472 2589 al.
491 2560 526 2574 -
543 2528 584 2586 bl:
603 2531 731 2591 infestim.

248 2635 274 2690 6.
292 2632 430 2688 adortum
452 2641 558 2710 remp:
580 2633 615 2693 Μ.
642 2667 676 2676 -
706 2633 741 2692 P:

194 2724 197 2736 ¹
291 2719 414 2805 qdortum
434 2722 526 2778 remisi
541 2723 546 2793 Ι
562 2721 742 2798 qaemsimiles

224 2829 228 2837 ¹
292 2827 358 2865 erus.

247 2913 274 2968 8.
292 2927 351 2966 nort
365 2912 499 2983 potuisse
516 2913 600 2969 sisti:
622 2913 679 2972 ΡΜ,
705 2942 741 2958 -··

255 3013 263 3078 j
290 2995 317 3050 Μ
334 2999 420 3053 m.1.:
438 3001 546 3056 mortui.
564 3017 599 3056 m.
612 3003 652 3059 ³.:
669 3017 740 3058 mor·

289 3081 355 3138 tuis.

225 3183 271 3244 ’9.
290 3185 320 3240 in
338 3181 528 3240 conluuione.-
546 3181 577 3244 P.
596 3215 629 3228 -
649 3186 688 3243 M:
708 3190 740 3244 in

289 3267 425 3382 ⁶⁰nl¹¹9l
441 3273 577 3330 omnium.
590 3293 639 3328 nee
650 3283 739 3330 tamen

287 3379 323 3420 m.
347 3361 372 3418 1.
395 3355 504 3434 scripsit
528 3359 600 3436 quod
622 3361 693 3418 inter
719 3383 739 3420 u

286 3453 315 3502 et
333 3467 348 3502 o
368 3451 417 3506 cst.

226 3550 269 3606 10.
287 3548 330 3604 ad
346 3547 436 3618 (Harl.
454 3569 484 3608 1.:
507 3553 552 3622 at)
575 3551 738 3608 tollendum

286 3636 356 3708 reip.
386 3636 542 3694 consulare
572 3641 737 3712 imperium:

196 3755 202 3760 -
285 3719 308 3774 P
324 3718 396 3778 Harl.
407 3740 423 3778 r.
441 3721 517 3780 Leid.
536 3725 575 3796 r.]
595 3725 629 3780 ad
644 3723 737 3780 tollen·

285 3798 348 3860 dum
361 3825 375 3860 e
387 3807 521 3881 republica
535 3809 673 3866 consulare
687 3812 735 3866 im-

284 3893 397 3970 perium.
409 3891 500 3948 -Με
520 3895 553 3950 ad
571 3897 716 3954 tollendum
728 3897 732 3971 Ι

284 3982 378 4059 reimp.
391 3977 529 4036 consulare
539 3983 686 4060 imperium.
698 4015 734 4028 -

285 4063 453 4144 Quamquam
465 4067 570 4143 tollere
588 4091 647 4127 cum
657 4091 733 4149 prac-
750 4130 753 4141 ,

283 4154 462 4231 positionibus
478 4151 546 4213 arel
559 4150 597 4214 dc
609 4158 732 4239 coniungi

878 1728 982 1788 solebat
1004 1728 1056 1799 (cl.
1074 1731 1099 1798 4,
1117 1731 1157 1790 t:
1176 1723 1334 1799 „decemvi-

877 1837 923 1873 ros
949 1815 1052 1893 legibus
1079 1815 1229 1874 scribendis
1259 1820 1333 1874 intra

876 1903 969 1961 decem
992 1903 1042 1960 bos
1066 1922 1149 1961 anuos
1177 1911 1204 1960 et
1230 1907 1333 1961 creavi-

873 2009 933 2046 mus
961 1999 987 2046 ct
1004 2011 1019 2046 e
1037 1997 1093 2070 rep.
1111 1991 1329 2060 sustulimusl‘ss

878 2087 968 2134 tamma
985 2077 1038 2136 boc
1054 2078 1115 2136 loeo
1127 2079 1196 2154 reip.
1209 2079 1286 2156 quod
1301 2081 1333 2136 iu

876 2161 1031 2222 melioribus
1049 2164 1126 2222 libris
1137 2166 1261 2222 omnibus
1281 2177 1332 2234 est.

875 2261 1027 2326 permutare
1055 2255 1113 2310 ausi
1141 2272 1197 2308 non
1228 2272 1331 2322 sumus,

876 2358 936 2394 cum
967 2336 1071 2396 dativus
1101 2337 1217 2416 quodam
1245 2341 1330 2396 modo

876 2424 940 2482 ferri
957 2437 1050 2502 posset
1067 2437 1095 2484 et
1111 2427 1163 2484 boc
1183 2429 1244 2503 ipso
1262 2423 1330 2488 casu

874 2513 918 2570 rel
936 2516 1030 2592 optimi
1051 2516 1196 2592 scriptores
1214 2534 1329 2592 praepo·

875 2601 1004 2660 sitionum
1026 2600 1086 2658 loco
1110 2601 1183 2658 baud
1204 2621 1266 2658 raro
1284 2603 1330 2660 usi

875 2699 973 2748 esseut.
1011 2688 1107 2744 ddnde
1137 2690 1216 2746 ctiam
1243 2687 1329 2768 ultera

874 2775 1004 2852 quaedam
1033 2776 1163 2834 dubitatio
1187 2797 1230 2834 me
1254 2787 1329 2834 teuc·

874 2862 920 2917 bat
937 2882 971 2918 ne
989 2865 1059 2940 reip.
1084 2872 1238 2924 everterem.
1266 2885 1329 2922 cum

831 3007 834 3012 ,
874 2949 945 3003 enim
961 2949 1067 3006 tollere
1090 2952 1169 3008 etiam
1191 2952 1250 3008 sine
1270 2951 1328 3008 ullo

831 3109 832 3116 ἵ
873 3035 930 3090 eius
948 3037 1053 3109 generis
1067 3058 1129 3112 casu
1142 3041 1271 3115 scriptum
1283 3059 1326 3096 re·

870 3123 990 3196 periatur
1015 3126 1074 3192 (42,
1097 3127 1135 3182 9.:
1166 3125 1328 3210 „postulare

872 3215 901 3262 ut
926 3219 1034 3266 cenatus
1062 3211 1212 3271 consultum
1229 3215 1268 3269 iu
1293 3233 1326 3270 se
1378 3243 1403 3282 ·,

870 3291 970 3354 lactum
979 3295 1037 3354 tolli
1047 3299 1169 3358 iuberent
1177 3306 1192 3332 ‘⁴
1200 3301 1233 3370 ι),
1245 3321 1326 3376 quae·

781 3443 790 3454 .
870 3381 983 3441 rendum
1002 3395 1052 3454 est,
1069 3385 1176 3446 numL.
1194 3386 1325 3448 hocloco

867 3472 1042 3540 consulare
1063 3477 1133 3550 reip).
1169 3467 1325 3547 imperium

869 3553 942 3612 idem
960 3556 1016 3614 fere
1034 3579 1091 3616 esse
1113 3559 1227 3616 voluerit
1245 3559 1329 3634 quod·

869 3645 1025 3700 consulare
1037 3648 1068 3700 in
1080 3649 1138 3720 rep.
1156 3645 1322 3716 imperium,

869 3725 899 3782 id
917 3728 988 3804 quod
1004 3747 1053 3802 pro
1073 3728 1106 3801 Q.
1120 3727 1186 3785 Fabi
1203 3749 1322 3804 persona

868 3833 900 3869 eo
910 3815 997 3868 miuus
1011 3815 1217 3892 improbandum
1227 3817 1319 3876 ridea-

864 3909 920 3966 tur,
938 3920 990 3976 quo
1000 3902 1159 3978 megisbuic
1175 3905 1316 3978 consulare

865 3987 1005 4060 imperium
1015 3989 1052 4044 ita
1061 3993 1200 4066 proprium
1214 3995 1253 4049 rei
1268 4012 1315 4070 pu·

864 4069 949 4129 blicae
976 4077 1062 4133 visum
1083 4078 1120 4134 sit
1146 4087 1177 4136 ut
1204 4077 1340 4136 alterum*

863 4163 922 4218 sine
940 4159 1022 4220 altero
1042 4185 1100 4222 esse
1118 4187 1172 4241 non
1188 4173 1289 4243 posset.
