2860 4736
181 160 186 196 l
1038 169 1044 202 ι
1072 154 1076 166 '

171 323 174 333 .
231 260 275 329 80
383 349 385 375 Ι
700 275 851 338 bunut.

230 436 280 506 bis
306 438 422 528 praeda
450 440 637 532 sperandam
660 451 693 508 et
712 420 892 510 nulliusne
913 437 1028 507 horum
1051 433 1181 530 quidem
1200 433 1324 524 magnis

231 541 376 610 licentiae
397 555 529 635 opernm
550 535 754 614 fundamenta
775 567 841 615 non
862 553 1134 636 exsuperaturam.

318 645 400 716 LVI.
443 648 586 718 Intentus
613 647 805 740 perficiendo
834 646 955 739 templo
989 645 1084 715 labris
1110 643 1251 736 undique
1278 663 1324 708 ex

231 749 354 820 Etruria
381 752 487 820 accitis
514 776 580 820 non
607 752 740 845 pecunia
767 751 873 824 solnm
900 752 941 820 ad
967 750 1000 818 id
1017 748 1152 842 publica
1173 757 1223 816 est
1243 769 1325 814 usus

201 855 287 924 tsed
310 855 420 948 'operis
447 855 544 928 etiarn
569 881 610 924 err
638 857 742 949 plebe.
771 856 826 947 qui
854 879 928 924 curn
954 853 1034 922 haut
1060 877 1176 945 partus
1198 852 1324 943 etipse

228 960 356 1028 militiae
379 961 545 1044 adderetur
566 961 667 1045 labor,
687 961 791 1028 minus
817 971 926 1030 tamen
953 959 1044 1052 plebs
1070 959 1258 1050 gravabatur
1285 977 1323 1022 se

143 1061 150 1080 ⁸
228 1066 348 1158 templa
371 1065 468 1132 deum
489 1067 693 1137 exaedificare
716 1065 861 1134 manibus
882 1065 957 1148 suis,
979 1087 1075 1156 quam
1094 1073 1268 1156 postquam
1289 1068 1324 1128 et

230 1169 352 1236 adalia
379 1179 416 1236 ut
442 1171 548 1260 specie
576 1171 698 1238 minora
725 1170 771 1237 sic
791 1169 909 1239 laboris
931 1167 1091 1260 aliquanto
1113 1165 1239 1236 maioris
1262 1175 1323 1232 tra·

230 1271 427 1340 ducebantur
448 1297 554 1365 opera,
575 1275 663 1344 foros
684 1273 716 1341 in
739 1273 822 1343 circo
845 1273 1006 1342 iaciendos
1029 1271 1235 1362 cloacamque
1256 1291 1323 1336 ma·

151 1447 154 1462 ¹
184 1388 218 1446 10
230 1376 363 1461 nimam,
389 1379 627 1470 receptaculum
655 1379 800 1448 omnium
826 1386 1107 1472 purgamentorum
1132 1373 1233 1458 urbis,
1260 1371 1323 1440 sub

114 1471 121 1506 ¹
229 1491 347 1549 terram
375 1483 543 1572 agendam:
577 1483 692 1574 quibus
719 1483 845 1552 duobus
874 1480 1020 1574 operibus
1046 1479 1102 1550 vix
1131 1501 1215 1548 nova
1240 1475 1324 1546 haec

229 1585 457 1676 magnificentia
480 1588 651 1680 quicquam
671 1577 849 1678 adaequare
864 1585 978 1680 potuit.
992 1583 1042 1652 bis
1055 1583 1217 1653 laboribus
1233 1604 1322 1650 exer·

229 1677 289 1758 cita
319 1690 427 1782 plebe,
456 1691 529 1784 quia
557 1703 591 1761 et
616 1691 689 1760 urbi
715 1689 947 1760 multitudinem
973 1687 1030 1756 ubi
1050 1709 1127 1756 usus
1149 1709 1215 1756 non
1236 1697 1324 1756 esset

228 1795 316 1862 onen'
338 1798 466 1864 rebatur
487 1819 567 1880 esse,
589 1807 623 1864 et
644 1797 766 1864 colonis
788 1793 949 1862 mittendis
971 1790 1122 1884 occupari
1150 1789 1245 1859 latius
1265 1791 1322 1858 im·

182 1909 217 1964 15
228 1898 306 1988 perii
326 1899 406 1966 fines
426 1899 565 1981 volebat,
587 1899 728 1990 Signiam
747 1898 949 1988 Circeiosque
972 1897 1106 1966 colonos
1127 1894 1212 1964 misit
1233 1919 1321 1988 prae·

229 2001 308 2068 sidia
327 2001 398 2070 urbi
419 2001 524 2083 [satura
546 2013 629 2070 terra
650 2001 804 2094 marique.
833 2001 923 2070 Haec
945 2000 1049 2091 agenti
1063 2011 1246 2092 portentum
1261 2010 1321 2066 ter-

228 2102 317 2170 ribile
339 2103 457 2172 visum:
486 2106 594 2196 anguis
616 2131 658 2174 ex
680 2105 828 2174 columna
850 2105 953 2197 lignea
981 2105 1107 2197 elapsus
1130 2127 1204 2172 cum
1224 2115 1321 2172 terro·

229 2231 298 2274 rem
319 2207 490 2302 largamque
512 2210 544 2276 in
565 2211 684 2302 regiam
705 2211 842 2295 fecisset,
868 2211 966 2302 ipsius
988 2209 1068 2300 regis
1090 2233 1156 2278 non
1182 2220 1249 2276 tam
1271 2233 1320 2276 su·

228 2310 295 2379 bito
317 2337 436 2404 pavore
458 2315 594 2407 perculit
616 2327 727 2408 pectus
750 2336 847 2406 quam
869 2314 969 2382 anxiis
990 2313 1123 2404 inplevit
1149 2314 1242 2381 curis.
1265 2313 1320 2380 ita·

291 2460 484 2536 nnaddigentn
494 2463 554 2520 siin
562 2463 739 2542 praecedente
870 2481 951 2538 marg.
969 2441 1003 2506 ’-
1027 2460 1049 2519 P
1071 2481 1106 2520 nr.
1131 2465 1156 2522 1.
1172 2461 1200 2518 tl
1222 2481 1258 2522 m.
1281 2465 1319 2520 1.:
1383 2471 1387 2478 '

290 2567 371 2608 versu
389 2551 443 2626 qui
458 2569 494 2609 m.
514 2553 538 2612 1.
561 2553 689 2609 omissum
711 2561 739 2626 ct
870 2549 935 2608 baut
952 2559 1071 2629 patruus.
1093 2547 1169 2608 Pm.
1191 2551 1232 2608 Ἅι
1256 2547 1321 2606 baut

292 2635 382 2694 altera'
392 2657 429 2694 m.
446 2657 500 2694 non
512 2657 592 2712 supra
603 2638 653 2696 sed
669 2637 738 2696 inira
869 2639 981 2716 patrius.

287 2723 385 2782 lineam
403 2723 523 2782 additum
536 2735 605 2782 eratr
623 2727 651 2782 id
665 2725 753 2804 qnod'
825 2726 852 2783 6.
868 2727 1068 2802 grauabatur:
1078 2721 1107 2782 P.
1115 2719 1319 2803 grauaturrll.

288 2813 422 2870 interdum
440 2814 469 2869 in
481 2814 597 2889 antiquis
608 2805 685 2870 libris
699 2812 737 2870 fa·
869 2809 903 2868 oi.
913 2810 974 2868 Liri
985 2810 1004 2870 l.
1015 2811 1104 2870 XXX.
1112 2831 1139 2888 p.
1152 2807 1250 2868 XXIV.
1259 2811 1283 2881 §.
1293 2811 1319 2867 b.
1361 2795 1368 2812 ⁴

289 2905 360 2952 ctum
382 2898 447 2955 vidi.
471 2898 556 2956 nihilo
579 2901 666 2958 minus
690 2900 737 2957 dn·
828 2899 855 2956 7.
874 2917 963 2974 quam
976 2907 1144 2974 postquam.
1162 2927 1197 2940 -
1214 2896 1249 2952 P:
1263 2916 1322 2972 que

290 2980 428 3040 bitundnm
455 2994 496 3039 eat
523 2989 679 3047 annectins
707 3006 738 3043 ss
866 2994 1034 3062 postquam.
1052 2982 1092 3042 tt:
1112 3003 1189 3060 quaa
1200 2992 1320 3059 postqu.

279 3065 399 3125 'babeatz
417 3072 489 3145 quia
506 3091 542 3126 aa
559 3093 674 3142 summa
695 3072 738 3129 vel
871 3072 979 3138 (contra
999 3073 1026 3138 1,
1042 3071 1086 3128 bb.
1104 3071 1133 3126 iu
1151 3069 1173 3128 P
1189 3072 1320 3143 scriptum

291 3160 697 3234 quaeaumma..sparauda
710 3170 739 3216 et
871 3166 928 3214 erat
963 3177 1052 3236 quam
1088 3157 1238 3234 desponsa
1267 3175 1319 3234 pro

290 3254 562 3318 ..exsuperaturus
581 3249 738 3324 numquis,
783 3247 784 3254 ’
826 3315 830 3323 ¹
871 3264 965 3321 quae:
988 3255 1015 3302 et
1033 3246 1058 3313 1,
1076 3247 1120 3304 25.
1144 3248 1172 3302 in
1194 3243 1320 3300 omnibus

290 3331 354 3406 qni,
378 3351 451 3406 qua,
477 3353 554 3410 quaa
570 3353 650 3410 saepe
669 3339 739 3394 inter
872 3329 950 3407 codd.
967 3353 1090 3390 causam
1107 3333 1181 3392 balli
1197 3331 1320 3390 huiusce

288 3435 319 3470 aa
336 3407 447 3474 confusa
470 3422 533 3488 sint,
558 3429 585 3476 et
607 3422 635 3476 in
652 3418 679 3478 Ill
696 3441 737 3478 re·
868 3438 919 3496 pro
937 3439 1062 3477 causac:
1081 3417 1132 3488 al.)

289 3503 408 3577 periatur
426 3508 497 3583 quia
508 3527 623 3564 summa
636 3551 642 3566 .
655 3551 663 3566 .
674 3529 738 3583 spa·
824 3507 851 3563 8.
869 3507 1040 3583 aliquanto.-
1059 3503 1092 3562 M.
1112 3502 1268 3578 aliquando:
1286 3501 1319 3562 P.

289 3589 390 3644 raudai
399 3598 739 3670 et..cxupcraturci‚nec
809 3622 842 3634 -
869 3594 1114 3650 traducebantur:
1133 3589 1182 3646 Pul
1197 3587 1271 3648 Harl.
1288 3592 1318 3662 n]

289 3674 374 3752 prima
392 3676 441 3732 sed
460 3677 540 3734 altera
559 3681 665 3738 domum
682 3701 737 3736 ma·
868 3679 1063 3736 traducebatur.

291 3780 327 3818 uu
339 3759 446 3830 lineola,
465 3785 516 3840 qua
528 3765 643 3844 litteram
655 3788 685 3824 m
702 3770 738 3824 si·
810 3767 853 3824 1⁰.
870 3766 925 3821 oud
942 3768 1040 3821 terra:
1058 3761 1094 3822 lll.
1112 3762 1265 3820 subterra:
1286 3761 1317 3822 P.
1372 3803 1376 3816 .

289 3846 459 3924 gnificahant‚
488 3851 579 3908 addita
608 3855 738 3913 videatur.
869 3849 951 3908 Panlo
978 3859 1042 3928 post
1061 3847 1084 3906 P
1105 3868 1141 3910 ru.
1169 3851 1207 3908 1.:
1231 3851 1318 3928 plebe

290 3933 323 3992 cl.
343 3937 422 3992 etiarn
440 3934 550 3998 '1'.Livi
568 3939 585 3998 l.
604 3939 691 3998 XXX.
709 3961 737 4018 p.
871 3958 948 4014 quaa
976 3937 1062 3995 turdi.
1093 3955 1130 3996 m.
1158 3939 1199 3995 2:
1231 3937 1318 4012 plebe

178 4049 180 4058 ¹
252 4071 254 4082 .
289 4019 357 4082 LIV.
375 4025 417 4092 b.)
870 4026 942 4100 quia
959 4033 988 4080 et
1005 4024 1077 4084 urbi.
1245 4047 1248 4052 ’

244 4109 271 4166 b.
289 4107 362 4165 haut
375 4128 505 4188 paraus:
522 4108 550 4166 Ill
566 4131 602 4172 m.
620 4115 646 4173 2.
668 4105 737 4169 Pin
810 4114 852 4168 19.
870 4112 972 4168 anain
989 4111 1112 4186 inplaur't
1128 4113 1223 4168 auria:
1241 4107 1298 4166 Pu.
1315 4172 1319 4181 ,
