2836 4720
521 423 522 430 ἵ
562 329 670 390 blllllll
693 325 727 390 ll.

1021 347 1027 372 ι
1141 317 1207 388 195

61 501 66 508 ’
99 493 144 564 sit
166 519 261 588 quam
277 492 505 564 ‘utinoolumis
527 492 568 560 sit
581 494 701 584 quaeri.
734 490 858 586 Appius
871 506 982 564 eontra
997 497 1104 566 testari
1127 497 1205 564 deos

100 611 198 693 etque
219 601 368 670 homines
390 623 460 668 rem
481 593 643 689 publicam
669 598 762 689 prodi
787 622 848 690 per
875 611 999 669 metum
1028 625 1065 670 ao
1093 601 1205 684 deseri,

11 739 12 746 .
97 729 164 774 non
187 707 355 774 consulem
376 703 500 772 senatui
521 704 579 771 sed
606 715 752 772 senatum
780 705 905 772 consuli
931 706 1058 789 deesse,
1085 705 1205 797 gravio·

95 835 150 880 res
174 799 275 903 eoeipi
297 811 385 901 leges
408 831 506 900 quam
527 808 562 876 in
576 808 676 878 Sacro
698 821 808 878 monte
831 821 982 902 acceptae
1006 811 1077 879 sint.
1100 811 1203 878 virtus

95 929 209 986 utnon
231 927 360 1008 petrrnn
381 931 540 983 consensu
562 914 692 1005 quievit.
725 915 779 982 lex
801 913 926 984 silentio
948 917 1116 1008 perfertur.
1217 929 1234 983 5

186 1021 300 1090 LVlII.
343 1020 430 1088 Tum
462 1018 600 1110 primum
633 1015 757 1088 tributis
790 1019 927 1088 comitiis
960 1021 1063 1090 ereoti.
1089 1019 1205 1087 tribuni

96 1139 188 1196 sunt..
215 1147 351 1195 numero
375 1123 471 1194 etium
493 1121 618 1191 additos
639 1133 714 1208 tres,
735 1123 867 1232 pen'ude
889 1150 928 1194 ao
943 1125 1008 1194 duo
1024 1121 1117 1193 buteo
1139 1124 1205 1192 fue-

94 1231 170 1314 rint,
191 1229 266 1298 Piso
289 1241 401 1304 auctor
422 1239 481 1296 est.
503 1229 648 1298 nominet
668 1241 800 1320 quoque
816 1231 966 1299 tribunos
983 1229 1043 1298 Cn.
1065 1229 1205 1298 Siccium

93 1331 134 1402 I».
164 1333 382 1404 Numitorium
419 1330 466 1401 Μ.
504 1329 670 1402 Duellium
709 1335 766 1426 Sp.
800 1335 923 1404 lollium
960 1333 1000 1417 In,
1030 1335 1204 1404 Mecilium.
1288 1339 1293 1352 '

93 1441 255 1510 Volscum
275 1439 519 1531 Aequicumque
540 1438 623 1516 iuter
649 1439 840 1508 seditionem
861 1441 1040 1511 Romanam
1067 1453 1117 1508 eet
1139 1439 1252 1506 bel-10

10 1611 12 1618 .
91 1542 165 1612 lum
187 1553 345 1614 coortum.
379 1550 583 1612 vastaverunt
604 1565 696 1632 egros
718 1554 768 1626 ut,
796 1545 822 1612 si
845 1569 909 1636 que
938 1545 1079 1614 secessio
1093 1543 1205 1638 *plebis

93 1651 197 1732 fieret,
220 1651 260 1716 od
282 1673 318 1716 se
340 1659 507 1739 receptum
528 1646 677 1715 habetote
700 1649 873 1739 conpositis
901 1651 1015 1718 deinde
1037 1650 1134 1717 rebus
1156 1673 1205 1717 ce·
1312 1655 1316 1676 ¹

93 1765 270 1823 stra-retro
293 1775 437 1822 movere.
472 1751 545 1842 Ap.
558 1751 709 1820 Claudius
731 1752 765 1820 in
786 1752 926 1824 Vulscos
948 1756 1080 1837 missus,
1109 1754 1205 1838 Quin·

93 1857 269 1949 tio-nequi
290 1857 454 1950 provincie
483 1855 599 1946 evenit.
637 1857 751 1925 eedem
773 1857 805 1924 in
832 1857 942 1926 militia
965 1858 1099 1926 saevitia
1121 1857 1206 1949 Appi

93 1987 180 2055 quae
203 1963 291 2032 &omi
314 1985 396 2046 esse,
417 1960 547 2029 liberior
568 1961 657 2050 quod
680 1961 748 2030 sine
770 1961 944 2031 tribuniciis
965 1959 1099 2030 vinculis
1121 1971 1251 2030 enutrit

111 2185 139 2241 ὃς
158 2181 275 2242 tribum
287 2183 431 2240 samnite.-
448 2177 498 2239 PM
510 2177 584 2240 llerl.
595 2197 613 2240 t.

109 2273 136 2329 7.
157 2289 279 2328 numeru
298 2272 388 2328 etiam
403 2269 526 2326 additos
540 2275 613 2326 ¹tneo.

156 2389 192 2400 -
217 2357 240 2414 P
257 2377 293 2416 m.
311 2359 337 2416 P.
355 2355 382 2414 M
399 2364 429 2413 et
444 2355 502 2414 rell.
517 2353 613 2415 cudda

156 2444 273 2512 addua,
291 2443 364 2520 quod
382 2461 443 2500 eum
460 2442 613 2518 significare

155 2530 412 2588 videatunnumsro
427 2529 614 2586 adnuo-tres

156 2625 279 2674 creatos
289 2635 364 2684 esre,
382 2632 477 2674 verum
486 2635 546 2672 esse
558 2635 613 2672 non

154 2712 255 2784 potest.
286 2723 368 2780 saepe
390 2721 456 2762 vero
477 2703 514 2760 ab
532 2701 613 2760 libre·

157 2793 208 2853 riis
230 2811 327 2871 perum
350 2789 524 2868 diligentibus
542 2789 613 2846 litte·

156 2899 214 2936 rem
236 2901 252 2938 e
277 2880 308 2936 in
329 2877 551 2941 boemorum
570 2875 615 2934 vel

156 2965 276 3024 additum
303 2985 363 3024 esse
390 2986 551 3044 quemquem
573 2965 613 3024 lo·

157 3075 217 3114 oum
235 3045 439 3124 uoufflubebet,
466 3053 510 3112 vel
531 3056 611 3111 omis·

156 3163 214 3200 som
235 3162 306 3220 quoe
328 3141 423 3200 deesse
448 3163 505 3202 non
531 3141 612 3199 debe-

116 3302 121 3315 ο
156 3227 211 3298 bet,
228 3230 332 3308 peritos
349 3227 444 3286 herum
457 3249 611 3287 rerumnon

155 3315 262 3392 fugerit.
286 3346 320 3358 -
342 3313 366 3370 P
384 3337 420 3372 m.
440 3319 479 3377 l.:
500 3316 544 3376 vel
563 3338 610 3374 au·

155 3403 211 3456 cito
229 3399 272 3456 vel
291 3403 384 3486 eticito
404 3403 446 3463 vel
464 3407 543 3461 attilo
561 3425 612 3483 pro

116 3557 118 3561 .
146 3487 277 3554 additos
292 3487 366 3566 quod
384 3509 420 3548 m.
438 3489 464 3548 2.
485 3492 611 3551 restituit.

156 3605 190 3617 -—
209 3571 270 3632 PM:
289 3586 379 3635 ardeo
389 3575 519 3656 fuerint.
537 3609 571 3620 -
589 3577 612 3633 P

153 3681 190 3721 m.
209 3664 246 3723 1.=
268 3665 352 3722 hisso.
371 3683 407 3723 m.
425 3667 465 3722 2:
483 3666 554 3744 piso.

110 3751 137 3809 8.
156 3751 209 3810 Cn.
223 3750 350 3810 Siccium
362 3753 397 3811 L.
409 3751 610 3810 Numitorium

153 3839 193 3897 M.
211 3837 380 3896 Duellium:
406 3834 457 3896 PM
479 3835 553 3897 Harl.
571 3842 608 3913 1.]

149 3920 186 3981 C.
216 3923 337 3982 Siceirnu'
364 3925 397 3986 L.
427 3926 609 3986 Numitorium

21 4057 23 4067 ,
149 4011 185 4070 M.
204 4010 335 4072 Duilium.
366 4043 396 4056 -
420 4015 472 4073 Cn.
491 4013 609 4100 Sicciup

152 4099 233 4156 etiem
242 4101 268 4166 P,
281 4101 324 4158 61.
335 4102 363 4156 in
376 4111 431 4179 opt.
443 4102 521 4160 libris
532 4121 608 4178 repes

151 4189 228 4243 ritus.
249 4182 377 4260 Sigonius
392 4191 502 4266 scripsit
515 4191 546 4246 0.
560 4187 606 4248 Si·-

748 2181 853 2243 eim'ue.
874 2168 1029 2242 Duelllu'm
1047 2201 1080 2240 ex
1098 2191 1154 2261 opt.
1173 2178 1205 2240 li·

747 2271 805 2328 bris
815 2271 989 2338 restituimus,
1001 2271 1075 2349 quod
1084 2273 1121 2328 ite
1132 2269 1205 2349 opud

746 2358 873 2416 Pisonem
885 2356 968 2416 luisse
980 2357 1096 2425 videtur,
1112 2375 1204 2436 quem·

747 2464 828 2524 quern
850 2445 923 2502 idem
945 2447 988 2502 vir
1006 2447 1038 2513 9,
1056 2447 1100 2504 61.
1117 2443 1203 2502 Duil·

748 2535 809 2590 lius
843 2533 1007 2593 nominetur.
1051 2531 1084 2592 ol.
1115 2529 1204 2589 Cicer.

747 2629 814 2678 oret.
824 2619 868 2678 45.
885 2603 993 2676 Deinde
1006 2621 1034 2674 ln
1042 2613 1091 2677 PM
1103 2615 1177 2677 Harl.
1186 2637 1204 2674 r.

747 2709 878 2784 seriptum
897 2714 938 2761 est
955 2723 1000 2781 ep.
1023 2707 1148 2762 ilicium:
1178 2714 1205 2760 et

691 2801 695 2810 ’
748 2796 777 2850 ἱιι
789 2791 853 2850 PM:
871 2795 982 2850 lucium
994 2793 1156 2858 movilium
1171 2793 1204 2848 ie

747 2877 821 2938 Harl.
837 2898 869 2940 1.:
888 2881 909 2940 l.
926 2879 1082 2938 maliciam.

686 2968 729 3026 to.
749 2969 882 3025 uolonum
896 3009 903 3025 .
918 3011 925 3025 .
938 2968 1081 3045 equiorip:
1098 2965 1126 3024 M
1132 2985 1139 3022 t
1159 2965 1203 3022 lit-

746 3057 812 3112 teris
830 3054 928 3112 mettis
947 3055 1040 3111 erosis.
1071 3055 1204 3112 uolonum
1277 3108 1285 3138 s

745 3144 967 3221 &quicumqum
986 3139 1015 3200 P.

691 3261 725 3274 -
745 3239 792 3288 est
814 3230 924 3288 bellum
949 3237 1099 3286 coortum.-
1122 3223 1149 3284 M
1167 3247 1202 3286 nr.

744 3319 771 3376 ¹2.
793 3315 867 3376 Harl.
892 3336 911 3375 1.
940 3343 974 3356 -
1000 3313 1028 3370 M
1052 3333 1087 3372 m.
1117 3316 1142 3373 1.
1164 3312 1201 3370 P:

746 3405 776 3460 δί
786 3404 894 3462 bellum.
904 3431 938 3445 —
948 3400 985 3457 P:
999 3397 1150 3458 cobortum.
1167 3429 1201 3442 »-

746 3488 810 3548 PM:
841 3495 1018 3548 uasteuerant
1048 3507 1134 3563 egros.
1169 3514 1201 3529 ·-

744 3575 806 3634 PM:
825 3577 948 3635 heberet.
969 3579 971 3587 '
1279 3572 1281 3578 ’

683 3666 727 3722 13.
744 3685 771 3722 a.
793 3683 822 3742 p.
843 3664 983 3722 claudius
1007 3662 1038 3734 tp
1062 3661 1200 3720 uulscos:

744 3749 779 3810 M.
798 3783 831 3794 -
850 3749 885 3809 P:
904 3751 1050 3828 proulntie.

683 3833 837 3916 rt'Appt:
855 3837 923 3911 PM]
941 3839 1034 3918 Appii.
1053 3867 1087 3881 -
1109 3833 1152 3893 M:
1170 3837 1200 3892 in

740 3925 798 3983 mili
814 3929 818 3996 1
834 3929 904 3988 titis.
932 3955 966 3970 ν·-
993 3925 1029 3983 P:
1055 3923 1147 3982 eedem
1170 3925 1200 3979 in
1229 3947 1232 3954 ’
1314 3977 1318 3984 ,

741 4011 814 4070 milla
834 4017 886 4085 (m.
904 4015 945 4072 2:
967 4013 1083 4082 militia)
1102 4010 1197 4067 seuitie

742 4103 806 4181 eppi
825 4122 878 4178 que
895 4101 970 4158 domi
983 4119 1062 4157 esse.
1074 4097 1195 4154 liberior.

741 4217 775 4232 ·—-
795 4186 816 4245 P
834 4209 869 4248 ur.
890 4191 926 4246 1.:
947 4196 1061 4266 petrano
1081 4183 1153 4243 odio.
1189 4185 1191 4190 '
