2838 4822
227 282 287 344 vlit

194 548 196 552 .
226 443 266 534 id
287 441 365 518 lieri
389 438 535 530 solebat
558 435 815 538 diligentium
830 433 1007 536 quondam
1023 431 1233 515 emendeudi
1256 459 1318 514 nn·

179 631 184 640 .
227 589 302 641 rann
319 563 470 640 eximere
485 559 653 638 debebat:
678 565 716 634 et
732 557 891 660 quumvis
904 554 1030 637 codem
1040 565 1203 660 ternpore
1215 553 1321 632 multi

56 719 98 774 ‘-
228 683 390 763 homines
414 681 574 761 doctrina
598 678 810 759 excellerent
839 677 1010 780 multique
1041 703 1163 757 eorum
1186 677 1319 759 studiis
1393 753 1406 778 ,

229 805 384 908 corrupti
407 813 568 883 veterum
591 801 758 883 librorum
786 799 858 879 loci
880 800 1167 892 renumerantur,
1198 807 1322 882 tomen

176 968 186 992 ι
226 924 276 1000 illi
299 951 372 1002 nou
396 952 440 1004 ea
462 923 681 1025 antiquitatis
704 919 917 1028 verecundia
940 921 1010 1000 sibi
1032 919 1244 998 videbantur
1265 930 1322 998 to-

225 1046 303 1123 neri
332 1055 477 1124 utnon
508 1042 648 1146 quidvis
678 1055 739 1123 aut
767 1042 838 1147 ipsi
872 1041 950 1120 ausi
979 1051 1103 1142 essent
1134 1050 1197 1120 aut
1228 1039 1343 1118 atos·

225 1167 325 1267 passi
342 1175 467 1246 essent
482 1159 639 1260 mutare,
663 1164 853 1245 dummodo
876 1163 942 1242 tali
964 1160 1174 1242 emendandi
1196 1159 1320 1240 sudio

147 1323 151 1330 ·
225 1287 385 1388 ipsorum
408 1287 559 1392 ingeniis
582 1287 716 1371 facilior
739 1284 1131 1388 scriptorum'cognitio
1153 1279 1322 1360 reddere-

224 1416 291 1484 tur.
333 1408 472 1485 adhoc
496 1409 648 1486 accessit
671 1406 767 1512 quod
791 1407 843 1484 illi
866 1406 948 1485 libri
962 1406 1172 1508 plerumque
1186 1403 1231 1480 ab
1255 1401 1321 1480 bo·

225 1525 378 1605 minibus
402 1530 662 1624 scribebantur,
693 1529 756 1631 qui
777 1527 884 1606 nullis
907 1554 1020 1632 prope
1046 1525 1242 1602 liberalium
1264 1549 1321 1600 ar-

224 1647 314 1722 tium
338 1650 467 1728 studiis
498 1650 627 1732 eruditi
651 1648 758 1728 modo
789 1659 960 1752 quaestus
991 1673 1099 1728 ceusu
1127 1655 1191 1735 eut
1213 1643 1321 1724 simili

225 1769 375 1870 quadam
400 1773 614 1850 necessitate
637 1770 780 1873 impulsi
810 1770 1000 1850 molestum
1023 1767 1119 1848 sane
1137 1763 1319 1848 scribendi

167 1973 168 1980 ἵ
224 1891 405 1990 negotium
436 1892 481 1969 ad
514 1902 656 1992 tempus
694 1891 868 1968 subibant.
923 1889 1009 1966 inde
1046 1889 1089 1966 fit
1124 1896 1165 1964 ut
1207 1886 1319 1967 multo
1409 1936 1415 1956 ·

225 2011 336 2084 maior
365 2015 602 2088 recentiorum
632 2011 950 2114 manuscriptorum
982 2035 1066 2112 pars
1093 2035 1168 2086 non
1202 2009 1321 2111 magni

218 2128 347 2231 shaberi
377 2133 502 2233 possit
543 2130 812 2209 Nihilominus
843 2157 924 2210 cum
959 2142 1037 2210 arte
1066 2129 1321 2236 typographica

225 2251 279 2326 uti
302 2261 505 2355 coeperunt,
529 2252 748 2356 eligebantur
772 2252 816 2328 nb
842 2252 894 2330 eis
920 2252 1063 2354 quibis
1086 2253 1321 2353 rebuspree·

226 2381 334 2464 erant,
358 2400 444 2474 prce
467 2373 596 2476 ceteris
620 2373 671 2450 issi
694 2372 919 2476 potissimum
934 2373 1152 2454 recentiores
1177 2371 1320 2480 codices
1411 2409 1415 2418 ·

226 2491 288 2592 qui
310 2517 402 2571 nova
425 2494 616 2576 formarum
633 2503 709 2572 arte
725 2493 1021 2573 describerentur.
1045 2521 1127 2572 nam
1146 2521 1228 2572 cum
1243 2494 1320 2571 iure

227 2609 380 2712 quodam
403 2615 575 2716 postulari
599 2615 780 2694 videretur
804 2625 843 2694 ut
865 2615 947 2696 libri
977 2643 1084 2718 quarn
1108 2615 1321 2692 emendatis·

224 2732 305 2810 simi
329 2735 532 2855 edereptur,
563 2739 669 2839 isque
692 2738 834 2816 demum
857 2737 948 2814 liber
978 2736 1186 2814 emendatus
1213 2736 1321 2814 habe·

131 2910 133 2924 ,
224 2865 322 2930 retur
346 2859 409 2958 qui
433 2861 658 2961 antiquorum
682 2858 896 2960 scriptorum
921 2858 1117 2938 orationem
1135 2856 1231 2934 haud
1255 2856 1321 2934 dif-

224 2971 351 3050 ficilem
379 2976 476 3056 lectu
504 2979 674 3080 vitiisque
705 2989 743 3058 et
773 2979 951 3058 erroribus
981 2979 1211 3056 scribentium
1234 2977 1320 3054 libe-

224 3099 298 3168 ram
322 3097 523 3197 praeberet,
552 3099 632 3177 illos
656 3097 767 3178 libros
790 3125 897 3178 manu
928 3101 1091 3202 scriptos
1113 3125 1221 3204 quam
1247 3123 1321 3174 ma-

159 3249 163 3257 ·
224 3215 318 3290 xime
342 3216 395 3294 eis
419 3218 561 3318 probari
583 3245 733 3308 necesse
758 3231 836 3304 erat
858 3220 921 3320 qui
938 3219 1123 3299 doctorum
1137 3219 1320 3298 homiuum

177 3349 180 3354 '
226 3335 319 3410 curis
344 3336 476 3412 iamin
500 3339 676 3440 integrum
691 3341 848 3418 restituti
866 3339 1080 3433 viderentur,
1106 3367 1320 3443 quemquam

104 3497 110 3516 ι
224 3454 352 3540 talibus
376 3459 472 3536 curis
503 3461 618 3539 omnis
648 3462 826 3540 interdum
857 3463 1000 3566 propria
1023 3464 1137 3544 virtue
1168 3473 1206 3540 et
1232 3460 1319 3538 scri-

223 3584 365 3676 ptorum
390 3589 427 3654 et
451 3580 670 3683 antiquitatis
694 3583 808 3686 ipsius
839 3609 985 3686 prorsus
1017 3583 1135 3664 deleta
1166 3591 1243 3660 erat
1267 3591 1321 3662 nt-

225 3722 295 3796 que
333 3699 516 3776 exstincta
558 3703 655 3804 quod
684 3730 831 3806 pravum
864 3705 940 3782 eius
981 3704 1122 3806 generis
1158 3700 1317 3781 studium

224 3841 303 3894 cum
329 3819 389 3898 diu
413 3821 523 3902 taceri
548 3850 619 3900 non
643 3835 777 3926 posset,
803 3825 1014 3927 typographi
1038 3822 1256 3925 posteriores
1273 3849 1317 3898 err

223 3941 477 4020 vetustioribus
508 3945 676 4045 exemplis
707 3945 816 4022 libros
848 3946 911 4046 qui
934 3944 1030 4047 typis
1060 3943 1335 4020 excuderentur

224 4059 267 4134 nb
292 4059 491 4140 homiuibus
517 4063 676 4141 doctrina
709 4066 961 4143 excellentibus
992 4064 1230 4146 emendandos
1256 4089 1314 4140 cu-
