2860 4736
577 289 685 350 tusa
705 289 778 382 ιι..
1082 229 1095 256 ’
1140 277 1202 348 103

78 529 85 542 ,
112 468 169 548 pto
190 455 374 546 ademptum
395 453 534 545 privatis.
557 453 766 546 portoriisque
788 460 828 524 'et
847 452 964 522 tributa
992 455 1103 546 plebes
1128 455 1202 524 libe·
1275 477 1282 498 ·

12 569 14 594 ³
111 572 187 644 rata,
208 571 245 627 nt
267 559 379 627 divites
402 551 582 626 conferrent
603 557 659 650 qui
680 557 769 626 oneri
791 555 921 627 ferendo
943 572 1063 628 essent:
1087 585 1202 654 paupe·

17 730 22 739 ,
109 687 161 731 res
182 665 257 732 satis
280 661 427 756 stipendii
448 662 596 754 pendere,
624 662 650 730 si
671 662 788 732 liberas
815 664 961 732 educent.
988 665 1095 758 itaque
1122 667 1202 734 haec
1248 669 1260 688 “

108 769 301 860 indulgentia
329 777 455 860 patrum
483 768 603 859 asperis
629 768 837 863 postmodum
863 769 958 838 rebus
976 762 1016 836 'in
1038 769 1202 840 obsidione

101 895 147 952 ,ec
167 873 253 944 ierne
276 873 357 945 adeo
380 873 573 941 concordem
595 871 755 942 civitatem
769 873 879 956 tenuit,
900 885 936 943 ut
949 874 1071 966 regirmr
1084 883 1240 944 nomena
1285 867 1288 878 ’

89 999 174 1054 'non
199 978 317 1046 summi
343 977 442 1070 magis
469 999 568 1069 quam
593 977 692 1046 intimi
724 977 905 1062 horrerent,
939 998 1001 1048 nec
1033 979 1202 1070 quisquam

107 1105 191 1150 amus
211 1083 303 1151 malis
326 1081 443 1152 artibus
470 1095 583 1176 postea
608 1094 678 1152 tam
706 1081 868 1174 popularis
896 1095 982 1154 esset
1010 1107 1107 1176 quam
1134 1093 1202 1163 tum

107 1182 190 1254 bene
210 1187 395 1279 imperando
417 1188 582 1258 universus
604 1198 733 1256 senatus
754 1187 822 1256 tuit
1280 1183 1283 1190 ’

192 1291 263 1360 Χ.·
280 1291 363 1359 Cum
384 1291 494 1362 hostes
516 1293 673 1376 adessent,
695 1314 756 1384 pro
777 1315 813 1360 se
834 1292 972 1386 quisque
985 1293 1017 1360 in
1032 1292 1147 1360 urbem
1161 1315 1202 1360 ex

107 1395 188 1486 agris
211 1396 394 1488 derrrigrent,
416 1393 560 1466 urbem'
550 1421 654 1489 ipsam
676 1396 821 1489 saepiunt
846 1397 1017 1490 praesidiis.
1046 1395 1106 1466 alia
1135 1420 1202 1464 mu·
1216 1403 1250 1460 to

106 1499 148 1566 ris
171 1501 231 1568 alie
253 1501 362 1570 'liberi
384 1503 510 1574 obiecto
532 1502 721 1572 videbantur
750 1513 829 1570 tute.
856 1525 938 1593 pons
965 1495 1117 1570 sublicius
1142 1502 1202 1568 iter
1262 1515 1268 1524 ‘

105 1626 207 1694 paene
229 1603 375 1674 hostibus
397 1607 492 1690 dedit,
519 1607 552 1674 ni
573 1629 657 1676 amus
678 1607 727 1673 vir
753 1605 866 1674 fuisset
891 1605 1041 1678 Horatius
1071 1605 1203 1676 coelest

104 1705 139 1773 id
159 1708 392 1776 munimentum
412 1711 469 1778 illa
491 1711 542 1778 die
564 1711 691 1778 fortuna
713 1709 800 1777 urbis
814 1710 977 1781 Romanae
999 1709 1125 1776 habuit:
1148 1709 1203 1830 qui

104 1811 248 1902 positus
256 1812 375 1880 forte
366 1837 399 1880 ιιι
425 1815 561 1884 statione
583 1813 690 1906 pontis
713 1837 787 1882 eum
809 1823 939 1905 captum
959 1813 1125 1903 repentino
1147 1812 1203 1879 im·

104 1927 184 2008 petu
204 1916 379 1986 lanicinium
401 1931 497 2010 atque
518 1920 592 1988 inde
613 1919 727 1988 citatos
749 1918 916 1986 decurrere
937 1917 1048 1986 hostes
1070 1914 1204 1984 vidisset
1216 1923 1249 1982 ιό

105 2020 328 2113 trepidamque
355 2023 487 2092 turbam
519 2039 653 2093 suorum
680 2046 769 2090 erma
797 2021 988 2114 ordinesque
1014 2006 1203 2112 relinquere,

104 2125 335 2217 reprehensans
356 2119 498 2220 singulos
521 2128 679 2198 absistens
707 2127 936 2218 obtestansque
963 2125 1060 2195 deum
1087 2135 1121 2194 et
1146 2124 1202 2193 ha

104 2230 226 2300 minum
253 2231 350 2300 fidem
375 2233 560 2318 testabatur,
581 2233 778 2326 nequiquam
800 2231 929 2301 deserto
959 2229 1117 2323 praesidia
1144 2253 1202 2298 eas

166 2405 334 2474 Grent-
357 2406 421 2468 ΡΜι
443 2411 525 2468 omni
540 2430 617 2467 sum·
705 2413 733 2470 d.
750 2411 890 2468 educent:
913 2404 962 2466 ΡΜ
979 2405 1052 2466 Harl.
1071 2409 1110 2482 a]
1137 2405 1201 2506 edu-

166 2501 228 2568 ptu.
245 2492 325 2560 (Non
343 2505 385 2551 est
403 2495 572 2574 cogitandum
584 2497 618 2554 de
749 2505 884 2555 carent.

36 2581 38 2590 '
167 2576 446 2649 salrnqurtremrbus
459 2583 551 2640 redde
562 2581 618 2640 nala
705 2587 732 2642 7.
750 2603 840 2659 quum
857 2591 935 2640 tum:
928 2579 1010 2648 ·Pt1.

168 2665 221 2722 iam
243 2667 344 2724 siccato
369 2676 449 2746 atque
476 2669 546 2726 santo
571 2673 618 2748 qai
690 2673 732 2732 10.
750 2671 933 2750 demigrant:
950 2668 1025 2728 Μιιι.
1037 2669 1063 2726 2.
1079 2665 1110 2726 P.
1122 2665 1199 2722 dimi·

136 2759 139 2766 '
164 2751 267 2810 Romae
279 2763 344 2814 erat.
362 2757 449 2813 amnis
467 2757 548 2832 igitar
560 2759 618 2814 eins
749 2765 841 2832 grant:
858 2755 886 2812 Μ
903 2775 940 2817 m.
958 2757 983 2814 1.

133 2909 137 2914 Ι
167 2839 232 2898 salis
251 2843 328 2920 eopia
346 2841 376 2900 in
393 2842 530 2921 publicum
547 2863 618 2902 sam·
698 2873 731 2886 —-
750 2845 901 2920 saepiunt.-
919 2837 992 2914 ΡΜ]
1010 2841 1125 2918 sepiant

167 2927 214 3008 pt‘r
237 2929 263 2990 b.
282 2951 305 2990 e.
328 2934 442 3010 pecunia
464 2951 497 2988 ex
515 2933 618 2990 aerario
690 2929 733 2991 11.
750 2925 956 2990 ιιιόἱίιίαέιΡ.
980 2931 1009 2986 in
1026 2927 1054 2988 Μ
1071 2927 1200 3004 seriptum

167 3016 228 3074 data
242 3027 329 3096 empta
342 3021 619 3097 estntminarepre·
750 3027 808 3076 arat
833 3019 922 3094 prima
949 3017 1118 3094 septicius,
1137 3011 1199 3070 dein
1262 3080 1268 3088 ¹

114 3155 117 3164 ,
166 3107 206 3162 tio
241 3107 403 3183 pauperibus
442 3108 618 3166 venderetur:
698 3101 900 3175 sublicius,
916 3115 1055 3190 postremo
1072 3112 1100 3160 et
1110 3101 1201 3204 petd

157 3193 268 3260 ‘„dach
285 3193 380 3250 warde
396 3193 443 3251 'die
459 3193 618 3252 ntlltahrlt-
750 3202 911 3286 expunctum
928 3203 977 3253 est.

108 3327 111 3342 ,
168 3266 620 3361 ebeBastimmungderSalzpreira
690 3275 1148 3358 1o.pame.·-o1:pene.1²m
1162 3274 1200 3336 1.:

169 3365 221 3421 den
238 3365 463 3444 Privatperronen
480 3379 618 3446 entzogem
750 3387 898 3447 poene-
921 3364 943 3423 P
961 3386 996 3422 m.
1016 3367 1055 3422 1..
1073 3361 1201 3423 coelesti·

103 3513 111 3534 ,
170 3451 301 3510 naebdem
323 3451 372 3534 deq·
397 3472 480 3528 ganne
503 3453 620 3514 Vertatb
689 3457 691 3464 ’
751 3455 797 3513 td.
819 3463 846 3517 et
869 3453 996 3528 deinceps
1023 3469 1060 3508 m.
1089 3450 1128 3507 1.:
1154 3466 1200 3504 cn·

170 3539 219 3596 des
235 3537 329 3598 Saites
347 3537 381 3596 do
421 3539 520 3599 Senate
532 3534 622 3620 ausge-⁴
748 3535 1201 3617 ptam..uidesset..haminem..

149 3625 242 3684 -lnust
258 3559 422 3698 wordensdb
750 3627 920 3706 tertebntnr.

127 3717 152 3774 1.
169 3717 384 3794 portoriisque:
408 3714 436 3773 Μ
458 3713 533 3776 Harl.
551 3735 568 3776 ι.
586 3749 621 3760 -
693 3715 735 3776 18.
753 3715 934 3794 nequiquam
956 3711 1073 3770 deserto
1089 3712 1202 3785 prussi-

169 3799 192 3857 Ρ
216 3821 251 3862 ιιι.
274 3805 316 3860 2:
336 3805 480 3878 portoriis
499 3823 622 3886 queque.
755 3801 805 3858 dio
824 3821 876 3860 eos
887 3799 1016 3880 fugere:
1033 3795 1105 3856 Μιιι.
1118 3797 1204 3856 Me·
1325 3806 1328 3823 '

171 3905 205 3945 m.
221 3889 250 3947 ’1.
268 3890 339 3945 enim
349 3889 494 3962 somariis
509 3889 604 3950 iuerat.
753 3897 867 3946 sertas:
901 3906 936 3948 m.
964 3881 991 3945 1.'
1016 3917 1049 3928 —
1076 3883 1167 3942 Palat..
1186 3901 1203 3941 ι.

119 4004 152 4018 -
169 3975 279 4048 plebes.
299 4007 331 4020 ·-
348 3975 411 4036 Pol:
427 3977 522 4054 plebe.
734 3973 843 4053 ·Lips.:
857 3976 976 4034 deserto
989 3994 1040 4031 eas
1050 3971 1204 4048 praesidia

747 4061 870 4142 sugere.
941 4111 945 4120 ,
1057 4141 1061 4148 ¹
