2832 4720
237 327 303 397 aas
529 308 532 316 ’
699 335 808 398 aman
826 335 871 398 ιιι.
968 355 972 369 ‹

237 515 400 595 speratum
423 501 564 572 accidere
581 497 707 592 'potuit
745 501 853 592 itaque
881 511 986 570 tantus
1013 524 1113 594 pavor
1137 511 1226 568 tanta
1251 505 1340 594 trepi-

238 609 322 678 datio
341 605 425 692 tuit,
458 617 575 698 quanta
602 605 630 672 si
658 603 770 672 urbem
791 627 858 673 non
880 615 981 676 castra
1009 607 1120 676 hostes
1146 604 1338 676 obsiderent

237 713 390 780 Nautium
412 709 577 782 consulem
607 719 780 778 arcessunt.
817 711 850 778 in
873 732 938 803 quo
962 733 1036 780 cum
1057 734 1170 802 parum
1192 712 1340 804 praesidii

238 818 397 886 videretur
420 816 670 906 dictatoremque
694 814 755 882 dici
774 815 915 905 placeret
937 817 992 908 qui
1005 841 1076 884 rem
1090 817 1274 907 perculsam
1297 842 1340 884 re·

200 917 394 1007 estiment,
424 921 462 990 L.
484 920 651 1009 Quinctius
678 917 879 988 Cincinnatus
909 945 1069 988 consensu
1096 919 1242 988 omnium
1270 921 1341 990 dici-

237 1037 296 1096 tur.
334 1050 453 1120 operae
468 1026 604 1117 pretium
619 1037 668 1092 est
683 1025 799 1109 audire,
822 1025 897 1117 quia
918 1025 1027 1132 omnia
1046 1051 1123 1118 prae
1146 1019 1261 1094 divitiis
1284 1027 1340 1094 hu·

194 1155 197 1162 ·
236 1155 329 1199 mana
357 1140 512 1222 spernunt
538 1135 644 1222 neque
672 1129 787 1198 honon'
812 1155 929 1222 magno
956 1131 1066 1198 locum
1098 1154 1205 1221 neque
1233 1133 1340 1200 virtuti

235 1245 349 1326 putant
370 1255 442 1303 esse
463 1234 523 1302 nisi
548 1235 603 1302 ubi
632 1235 750 1304 effusae
779 1233 910 1301 affluant
938 1257 1032 1325 opes:
1066 1257 1141 1328 spes
1166 1237 1260 1305 unica
1284 1237 1339 1339 im·

158 1313 161 1326 ¹
235 1337 315 1429 perii
335 1339 448 1432 populi
462 1337 599 1408 Romani
620 1337 657 1408 L.
674 1335 840 1427 Quinctius
862 1351 948 1406 trans
963 1341 1107 1408 'libcrim
1129 1353 1240 1409 contra
1263 1367 1339 1408 eum

189 1457 223 1514 10
235 1443 340 1534 ipsum
361 1443 471 1512 locum
492 1445 548 1512 ubi
569 1465 656 1513 nunc
676 1446 799 1513 navalia
821 1455 896 1512 sunt
917 1455 1067 1536 quattuor
1087 1447 1233 1538 iugerum
1255 1448 1339 1516 cole-

155 1611 157 1624 ,
235 1546 296 1622 bat.
313 1571 437 1640 agrum,
468 1573 551 1640 quae
573 1561 664 1643 prata
686 1549 815 1637 Quintia
836 1561 1000 1619 vocantur.
1033 1551 1076 1618 ibi
1099 1551 1273 1642 ablegatis
1295 1589 1339 1602 -

235 1673 293 1719 seu
315 1652 437 1722 fossam
459 1652 583 1722 fodiens
598 1656 691 1747 palae
706 1655 832 1722 innixus
848 1675 906 1723 seu
921 1679 997 1723 cum
1012 1668 1122 1740 araret,
1145 1655 1235 1750 operi
1251 1669 1338 1726 certe
1403 1743 1404 1746 Ἴ

234 1755 266 1822 id
298 1757 386 1847 quod
414 1769 540 1826 constat
568 1761 682 1850 agresti
715 1759 853 1829 intentus
875 1771 919 1812 -'-
942 1762 1044 1829 salute
1072 1761 1146 1828 data
1173 1761 1206 1828 in
1235 1763 1338 1830 vicem

840 1993 866 2051 3.
886 1991 1045 2049 Nautium:
1061 1987 1097 2050 Μ.
1110 1989 1192 2048 -Ρι
1205 1967 1336 2053 nuncium.

885 2109 919 2120 -
937 2073 999 2134 PM:
1016 2089 1180 2138 arcessunt.

839 2182 865 2238 5.
883 2181 918 2241 L.
926 2180 1080 2255 Quinctius
1086 2183 1292 2242 Cincinnatus:
1302 2183 1336 2244 Μ.

838 2287 864 2356 6,
883 2303 998 2360 operae.
1012 2316 1045 2326 -—
1064 2284 1100 2344 P:
1118 2306 1199 2364 opere
1216 2289 1336 2366 precium

297 1984 336 2040 hii
359 1994 414 2040 tam
436 1985 606 2064 inopinatum
631 1995 752 2046 nectam

231 2123 233 2134 .
300 2073 488 2148 insperatum“
507 2070 571 2146 (P).
590 2073 752 2132 Aliideinde

295 2157 392 2232 quibus
420 2160 550 2233 particula
577 2169 639 2216 tam
665 2171 693 2217 ot
717 2163 751 2218 ad

238 2265 241 2274 ¹
299 2245 481 2318 inopinatum
503 2257 530 2304 et
557 2246 591 2302 ad
619 2250 750 2322 inspera-

297 2339 359 2385 tum
376 2329 516 2388 referenda
539 2332 681 2392 videbatur
700 2357 750 2393 nec

297 2416 340 2472 bis
359 2417 394 2474 ob
413 2434 473 2474 eam
491 2440 598 2479 causam
615 2424 749 2499 ponenda,

297 2521 356 2560 cum
375 2503 399 2564 l:
413 2503 436 2561 F
437 2525 458 2564 ι.
477 2505 617 2567 Gronovio'
635 2514 749 2590 scripse·

190 2588 192 2598 ⁴
295 2602 358 2648 runt
378 2591 469 2661 „nihii
486 2603 548 2652 tam
563 2613 617 2654 neo
628 2599 750 2678 inopina·

295 2687 352 2736 tum
382 2701 436 2738 nec
465 2684 669 2760 insperatum“:
700 2687 750 2744 sed

293 2775 355 2824 tum
381 2769 466 2846 atique
492 2770 545 2828 hoc
573 2771 634 2829 loco
664 2769 750 2854 repeti

294 2849 405 2932 poterat
435 2867 515 2936 atque
543 2859 611 2917 aliae
646 2863 748 2922 similes

293 2941 439 3014 particulae
457 2950 514 3014 (cx.
531 2965 571 3018 gr.
589 2957 644 3014 „ut
663 2960 708 3006 aut
719 2993 748 3010 ..

220 3063 227 3075 ,
293 3035 339 3080 aut
360 3027 436 3095 ut“).
471 3029 526 3086 Alii
550 3029 666 3108 (lenique
685 3055 748 3094 con·

293 3111 444 3168 structione
474 3115 616 3174 verborum
644 3132 748 3178 mutata

294 3195 462 3276 eciipserunt
489 3199 580 3269 „nihil
591 3209 593 3218 “
606 3221 660 3260 nec
686 3216 748 3264 tom

294 3285 462 3361 inopinatum
487 3307 542 3344 nec
570 3296 632 3346 ium
658 3293 748 3372 inspe-

279 3378 401 3441 „rutum“
435 3373 525 3455 (Lips.
555 3375 668 3436 flavere.
699 3401 749 3437 nec

298 3481 352 3518 non
362 3461 527 3533 Draieub.):
541 3483 593 3542 qua
602 3470 750 3524 mutatione

297 3551 383 3605 omnis
401 3549 446 3606 illa
465 3549 606 3627 elegantia,
634 3573 703 3632 quae
719 3557 749 3614 iu

295 3635 365 3690 iusta
383 3637 526 3695 verborum
551 3649 685 3698 structura
703 3664 749 3720 ap·

197 3717 203 3722 '
297 3729 382 3796 paret,
399 3721 538 3781 tolleretur
555 3746 665 3784 necesse
683 3740 748 3790 crat.

187 3867 189 3872 ἲ
294 3806 455 3866 -Pm.1.:
467 3811 645 3889 inopinatum.
663 3835 698 3876 m.
709 3820 748 3876 Ἅι
786 3827 795 3846 “

294 3896 469 3972 inopinatum.
477 3927 511 3938 -
520 3897 547 3954 M
556 3919 590 3958 m.
602 3903 641 3960 i.=
651 3921 700 3959 neo
710 3914 749 3960 ta·

297 3984 540 4059 meninsperotum.
550 4007 584 4046 m.
591 3989 621 4043 2:
631 3999 748 4050 nectam.

253 4069 279 4127 1.
297 4071 398 4147 ι’ΐαᾳικ
420 4079 523 4130 tantun
541 4093 639 4148 pauor
664 4085 749 4134 tantu

296 4163 385 4242 tuf..-
404 4156 461 4216 ΡΜ.
480 4189 514 4201 ·-
531 4158 605 4220 Harl.
622 4181 653 4220 ¹.=
671 4166 733 4225 ita.-

885 2379 935 2429 est.
964 2389 999 2430 m.
1018 2374 1057 2431 a:
1080 2376 1206 2450 pretinm.
1230 2409 1264 2418 —
1294 2375 1334 2432 Μι

883 2463 1101 2538 operepraetium
1110 2462 1334 2540 estsudirequio.

883 2567 918 2606 m.
937 2549 976 2606 2:
1005 2550 1060 2626 qui.
1084 2581 1117 2591 —
1145 2549 1180 2608 P:
1198 2571 1247 2628 pre
1267 2551 1333 2609 dini·

881 2633 937 2696 tiis.
957 2631 999 2692 M:
1015 2657 1099 2712 prae.

838 2740 864 2796 8.
882 2739 1013 2811 effusae:
1031 2740 1099 2812 ΡΜ]
1117 2742 1209 2802 effuse.
1233 2775 1266 2784 -
1293 2741 1333 2798 tt:

879 2835 1005 2902 putantes
1034 2830 1108 2884 senis
1142 2830 1188 2886 ubi
1209 2833 1214 2900 Ι
1234 2829 1336 2886 effusae

881 2910 981 2968 afluant
1010 2931 1085 2988 opes.
1115 2945 1150 2956 -
1184 2915 1221 2973 P:
1252 2917 1336 2988 effuse

881 2995 988 3058 afluent.
1023 3017 1059 3056 m.
1081 3003 1122 3060 ΞΛ
1150 3001 1269 3064 affluent.
1301 3035 1336 3048 ·-

881 3079 944 3137 PM:
965 3084 1082 3161 imperii.
1104 3109 1132 3168 Ρ
1150 3093 1174 3148 i.
1196 3120 1230 3133 -
1258 3091 1336 3150 Μελ.

879 3169 1023 3244 quinctius.

820 3271 863 3330 10.
882 3253 933 3330 nbi
952 3289 1031 3332 nuno
1048 3280 1174 3340 naualia
1196 3291 1280 3342 sunt.-
1304 3281 1335 3342 P.

883 3389 917 3400 ·-·
947 3358 988 3418 M:
1017 3364 1064 3422 ubi
1087 3380 1165 3424 nunc
1192 3367 1336 3428 uliaeunt.

881 3443 958 3509 Leid.
977 3469 1009 3511 tt
1027 3453 1075 3511 ubi
1092 3455 1197 3513 naualia
1214 3467 1284 3515 sunt.

802 3557 863 3636 ι19.
878 3559 987 3634 polae.-
1010 3580 1043 3620 ex
1061 3567 1131 3624 coni.
1148 3564 1282 3624 Sabellici.
1301 3601 1337 3612 —

881 3647 932 3704 Plu
950 3659 977 3706 et
999 3649 1056 3708 nell.
1080 3651 1172 3708 nott:
1196 3655 1269 3726 polo
1293 3658 1338 3712 in·

879 3737 979 3794 nixus.
1009 3735 1042 3794 cf.
1061 3737 1092 3803 3,
1120 3739 1179 3794 953
1202 3739 1248 3796 ubi
1267 3733 1338 3800 inP

882 3823 1036 3892 ‚,innoxie“
1060 3841 1111 3899 pro
1140 3826 1273 3888 innoxio.
1309 3831 1336 3896 3,

881 3909 939 3964 tt:
963 3905 1009 3964 ubi
1022 3911 1056 3964 ‹in
1073 3905 1147 3970 Harl.
1165 3931 1182 3971 1.
1202 3915 1335 3984 „tribuni-

882 3995 947 4048 cio“
965 4010 1017 4069 pro
1032 3997 1217 4060 tribuniciae.
1239 4001 1271 4059 oi.
1299 4032 1332 4042 -

882 4077 1000 4139 Pm.1.:
1020 4087 1126 4160 egresti.
1145 4107 1180 4147 m.
1193 4091 1231 4146 ΜΛ
1250 4106 1330 4162 egre·

883 4168 918 4223 eti
937 4169 1064 4229 intentus.
