2838 4822
220 213 389 338 vt*

220 436 288 522 bus
312 431 482 512 Parisiuis
510 431 637 510 decimi
666 431 775 512 seculi
806 432 906 514 libris
930 445 1041 512 totam
1070 433 1218 536 primurn
1246 431 1312 508 de-

48 617 51 632 ,
135 567 138 572 “
222 553 344 632 cadem
368 555 645 647 continentibus,
678 581 827 657 quorum
851 553 1107 658 alterquidem
1136 556 1315 630 recentio-

219 702 298 756 rum
320 675 501 754 hominum
524 675 685 754 manibus
708 678 757 758 ita
780 677 993 782 depravatus
1018 684 1076 752 est
1092 684 1134 752 ut
1149 701 1231 752 nero
1249 699 1315 750 an·

219 798 320 913 tique
344 809 381 876 et
396 823 481 877 vera
504 822 628 876 manus
653 800 807 902 perspici
830 799 958 906 possit,
980 795 1128 874 alterum
1151 794 1314 875 viderem
1390 843 1395 851 ·

219 919 536 1025 praeclarissimum
566 945 645 998 cum
677 919 820 1026 optimis
852 919 1055 1023 quibusque
1090 916 1190 994 libris
1227 941 1315 992 con·

221 1039 443 1130 sentientem,
466 1065 745 1143 nonnumquam
761 1041 868 1120 etiam
885 1038 1016 1148 veihis
1038 1037 1128 1142 ipsis
1145 1036 1315 1138 integrio-

219 1160 304 1240 rem,
345 1186 413 1242 nec
436 1158 475 1239 id
499 1161 598 1267 parvi
621 1161 789 1240 momenti
812 1160 998 1242 videbatur
1022 1157 1119 1264 quod
1148 1159 1187 1236 in
1213 1167 1315 1236 tanta

220 1281 458 1360 recentiorum
489 1279 649 1368 codicum
681 1281 922 1372 Parisinorurn
957 1291 1035 1358 tum
1068 1279 1201 1384 primae
1235 1288 1314 1358 tum

220 1395 348 1482 tertiae
372 1395 515 1482 decadis
540 1403 646 1506 copia,
664 1403 701 1479 in
726 1403 909 1506 permultis
939 1402 1028 1480 locis
1058 1400 1234 1505 corruptis
1259 1427 1316 1476 ra-

220 1524 338 1606 tiones
363 1523 466 1628 quasi
490 1533 527 1602 et
548 1523 668 1604 sontes
687 1526 800 1602 omnis
817 1550 929 1629 prope
948 1523 1209 1628 depravationis
1233 1511 1331 1624 per-'

136 1669 140 1678 ’
222 1645 325 1744 sequi
350 1653 387 1722 et
419 1645 665 1750 pervestigare,
689 1672 843 1750 possem.
884 1671 966 1730 uam
995 1655 1038 1724 ut
1059 1669 1146 1721 vero
1169 1641 1335 1746 repertu

221 1789 356 1851 summa
380 1766 517 1848 enimus
543 1765 675 1844 laetitia
699 1767 860 1858 afficitur,
887 1768 941 1844 sic
964 1766 1028 1846 ubi
1050 1790 1173 1846 verum
1196 1763 1315 1867 ipsum

193 1887 199 1896 “
220 1885 368 1984 reperiri
392 1894 499 1986 etque
524 1887 692 1986 cognosci
714 1912 787 1966 non
811 1895 948 1988 potest,
978 1910 1051 1966 non
1080 1885 1199 1962 minus
1226 1885 1314 1966 utile

222 2011 280 2082 est
295 2001 427 2095 videre,
451 2002 546 2084 uude
570 2006 684 2106 primo
708 2004 796 2087 salsa
818 2004 934 2107 aliqua
952 2005 1071 2108 opinis
1088 2004 1248 2107 ingressa
1265 2006 1331 2092 sit·

223 2133 261 2206 et
285 2151 391 2232 quem
415 2122 627 2204 admodum
657 2125 896 2208 dubitationes
926 2126 1003 2206 eius
1033 2125 1173 2228 generis
1198 2126 1315 2228 expel-

223 2243 297 2326 lere
313 2231 494 2347 'malisque
518 2243 608 2350 ipsis
632 2246 766 2328 mederi
790 2247 909 2328 conati
932 2248 1013 2332 sint
1048 2255 1124 2326 tum
1149 2243 1251 2338 euin,
1275 2255 1316 2330 ut

222 2391 294 2446 uno
318 2365 431 2442 instar
454 2367 610 2462 omniurn
635 2366 795 2484 exemplo
819 2377 914 2459 utar,
952 2365 990 2446 id
1016 2365 1174 2470 quodie
1197 2365 1314 2446 libeiio

224 2483 275 2568 de
294 2495 370 2568 arte
394 2485 516 2570 critice
539 2487 577 2570 in
592 2487 751 2574 Livianis
776 2489 958 2573 annalibus
974 2486 1164 2572 factitanda
1181 2486 1313 2598 scripto

151 2705 156 2722 Ι
224 2605 458 2698 coniecerim,
488 2633 573 2688 vere
596 2609 645 2686 ita
670 2635 712 2688 se
735 2609 866 2688 habere
890 2611 1056 2714 cognovi,
1085 2608 1195 2688 trium
1217 2606 1316 2688 illum

199 2726 377 2830 capitum
401 2727 483 2814 libri
506 2728 665 2812 vicesimi
688 2731 781 2824 sexti
803 2733 922 2816 locum
944 2731 983 2813 in
1009 2729 1106 2814 nullo
1130 2753 1198 2810 nec
1218 2726 1328 2804 Pari-.-

224 2845 302 2930 sino
327 2846 573 2930 necMediceo
596 2877 664 2928 nec
679 2862 824 2930 vetusto
848 2878 916 2929 nec
938 2851 1074 2933 recenti
1098 2849 1220 2930 codice
1234 2847 1314 2950 legi,

200 2975 266 3040 ut
281 2966 340 3045 vix
364 2966 518 3055 dubitari
541 2972 658 3071 possit
682 2973 768 3074 quin
791 2983 891 3055 totus
915 2971 973 3051 ille
996 2971 1109 3063 locus,
1131 2971 1193 3074 qui
1215 2996 1262 3050 ne
1277 2969 1316 3048 in

224 3086 385 3190 principe
417 3091 560 3192 quidem
597 3091 752 3174 editione
781 3093 942 3188 Romana
974 3091 1062 3169 insit
1097 3101 1135 3172 et
1169 3091 1207 3170 in
1244 3117 1313 3192 quo

160 3207 163 3216 '
224 3204 335 3286 multe
359 3193 493 3306 alienae
516 3236 640 3290 manns
667 3215 936 3294 nocertissime
965 3211 1094 3292 indicia
1119 3210 1314 3315 deprehen

225 3325 370 3416 dentur,
399 3330 443 3408 ab
472 3329 579 3410 docto
604 3333 757 3434 prodam
786 3334 994 3434 recentioris
1024 3334 1148 3414 aetatis
1171 3332 1312 3418 homine

225 3445 495 3546 Polybianarum
520 3451 746 3534 historiarum
769 3455 856 3534 haut
871 3439 1023 3561 inperito
1042 3453 1260 3560 excogitatus
1278 3461 1314 3532 et
1403 3535 1410 3545 ,

224 3565 262 3643 in
292 3569 493 3648 recentibus
530 3573 740 3674 quibusdam
771 3577 1050 3679 manuscriptis
1084 3575 1184 3657 libris
1213 3598 1312 3674 ‚quoe

225 3684 267 3764 C·
285 3686 451 3792 Sigonius
478 3702 515 3774 et
537 3695 563 3772 l.
581 3691 638 3774 Fr.
660 3695 863 3784 Gronovius
887 3698 1021 3776 vidisse
1044 3695 1177 3786 volunt,
1200 3694 1312 3776 iustae

226 3799 317 3908 quae
340 3811 568 3894 interciderat
583 3818 734 3900 orationi
751 3828 928 3920 tamquam
944 3845 1028 3897 vere
1046 3818 1215 3900 Livianus
1231 3841 1310 3916 sup

225 3929 364 4026 positus
377 3931 433 4010 sit.
448 3942 523 4012 tum
535 3960 620 4012 vero
633 3963 714 4018 cum
724 3939 1065 4039 praestantissimum
1077 3937 1310 4039 posteriorum

225 4039 450 4132 Tacitecrum
475 4055 649 4136 annalium
667 4069 705 4142 et
719 4058 945 4140 historiarum
968 4057 1095 4138 librum
1110 4055 1308 4136 Mediceum
