2838 4822
242 260 285 327 ιι
530 215 541 286 ·.
710 267 859 331 ιιιιιι

241 435 303 503 tius
318 432 518 518 hahiercurt,
531 455 604 502 eam
617 431 728 502 sedern
742 429 857 500 rtrum
871 429 974 524 regiae
991 429 1078 523 capit
1090 430 1196 524 ibique
1219 431 1359 502 deinde

241 537 403 607 habitavit.
424 535 579 630 principes
601 537 796 606 Albanorum
816 537 850 603 in
870 547 986 628 patres,
1006 542 1044 604 ut
1061 559 1100 604 ea
1116 560 1247 630 quoque
1261 563 1358 629 pars

148 701 153 724 ,
241 668 287 712 rer
277 643 452 764 publicae
474 653 640 725 cresceret,
661 641 746 732 legit,
767 640 900 723 Tullios,
920 639 1080 724 Servilios,
1095 641 1355 729 Quintius,Ge·

224 749 358 840 genios,
379 746 544 831 Curiatios,
565 746 720 814 Cloeliosr
711 746 962 837 ·templumque
984 745 1084 813 ordini
1112 745 1152 812 ab
1180 769 1216 815 se
1239 761 1354 816 aucto

210 854 359 922 nmmum
380 851 455 921 feeit
476 875 560 942 quae
582 849 716 918 llostilia
737 874 841 944 usque
862 852 903 918 ad
924 861 1051 953 patrum
1078 862 1223 920 nostrum
1252 865 1352 922 aeta-

236 970 304 1028 tem
325 957 485 1049 appellata
507 966 622 1024 estet
642 965 680 1024 ut
699 955 843 1024 omnium
858 955 1005 1024 ordinum
1024 955 1142 1024 viribus
1158 955 1280 1048 aliquid
1297 983 1348 1028 ex

236 1086 322 1134 novo
343 1061 467 1154 populo
488 1059 672 1145 adiceretur,
699 1060 843 1153 equitnm
864 1060 978 1130 decem
997 1071 1118 1130 ιιιιιιιιι
1140 1081 1182 1128 ex
1203 1059 1348 1128 Albanis

236 1167 327 1256 legit,
353 1165 496 1255 legiones
523 1175 557 1235 et
581 1175 705 1234 veteres
732 1165 850 1234 eodem
877 1165 1101 1255 supplemento
1130 1164 1276 1256 explevit
1305 1179 1346 1234 et

237 1293 337 1338 novas
364 1269 497 1364 scripsit
540 1269 610 1337 Hac
636 1267 751 1336 fiducia
778 1268 893 1338 virium
923 1269 1038 1337 'Pullus
1058 1269 1184 1338 Sabinis
1211 1269 1343 1338 belimn

190 1372 353 1458 ιθίιιιιιιὶι,
375 1374 461 1466 genti
482 1397 521 1442 ea
542 1383 733 1465 tempestate
759 1376 936 1442 seeundum
957 1373 1110 1443 Ειιιιιιοιι
1136 1367 1341 1494 opulentissi—
1406 1374 1407 1434 ἒ

236 1503 309 1546 mae
329 1478 403 1548 viris
425 1479 594 1570 annisque
621 1477 781 1572 utrimque
802 1479 932 1548 iniuriae
958 1479 1061 1546 factae
1088 1501 1126 1548 ac
1152 1501 1204 1545 res
1225 1479 1406 1589 nequi-

138 1615 172 1644 ι.
236 1607 334 1674 quarn
355 1593 446 1653 erant
466 1583 650 1676 reppetitae
672 1581 787 1650 'ruins
813 1584 854 1652 ad
875 1581 1028 1652 Feroniae
1058 1583 1167 1652 fanum
1188 1595 1338 1652 mercatu

15 1721 20 1734 ·
121 1765 125 1774 ¹
235 1688 395 1790 frequenti
419 1689 632 1812 negotiatores
658 1687 822 1758 Romanos
853 1687 1090 1780 conprehemos
1130 1686 1337 1778 querebatur,-

235 1793 344 1862 Sabini
365 1817 442 1860 suos
464 1793 551 1884 prius
572 1793 606 1860 in
627 1792 738 1860 lucum
760 1793 941 1883 confirgisse
969 1817 1007 1860 ac
1028 1792 1152 1860 Romae
1180 1803 1334 1860 retentos.

187 1897 314 1966 ithace
335 1919 450 1964 causae
471 1896 549 1962 belli
569 1896 761 1964 ferebantur.
788 1896 898 1964 Sabini
924 1896 1004 1965 haut
1029 1919 1144 1986 parum
1170 1919 1335 1964 memores

234 2012 268 2069 et
288 2023 418 2069 suarum
446 1999 559 2066 virium
581 2009 705 2091 partem
726 1997 849 2068 Romae
875 1999 917 2066 ab
938 1999 1033 2068 Tatio
1054 1999 1204 2070 locatam
1215 2012 1249 2068 et
1269 2001 1332 2068 Ro

234 2127 363 2172 manum
382 2127 451 2192 rem
472 2125 582 2205 nuper
600 2101 697 2170 etium
724 2102 900 2173 adiectione
927 2105 1038 2197 populi
1058 2085 1174 2174 Attiani
1195 2116 1335 2188 anctanu

234 2205 508 2297 circuminspicere
537 2218 571 2276 et
595 2207 656 2299 ipsi
683 2217 814 2276 externa
841 2209 1031 2278 auxilia&
987 2209 1177 2301 Etmriaqne
1199 2221 1267 2278 erat
1287 2235 1332 2278 ιι

234 2313 314 2396 cina,
335 2312 473 2402 proximr
462 2310 701 2380 Etruseomm
723 2311 884 2384 Veientes.
906 2313 980 2386 inde
1002 2314 1046 2382 ob
1067 2311 1221 2383 residuas
1231 2313 1332 2382 belio-
1404 2295 1406 2326 ³

185 2424 306 2484 norum
332 2416 394 2484 iras
421 2415 561 2484 maxime
587 2415 762 2484 sollicitatis
789 2417 830 2484 ad
852 2417 1063 2488 deiectionem
1085 2419 1197 2486 animis
1218 2419 1332 2486 volun·
1406 2436 1407 2454 ¹

232 2522 330 2590 tarios
351 2517 486 2605 traxere,
508 2531 542 2588 et
563 2521 647 2612 opud
668 2545 767 2612 vagos
789 2523 946 2614 quosdam
962 2547 1005 2592 ex
1019 2524 1107 2616 inopi
1121 2523 1216 2615 plebe
1231 2523 1331 2591 etiam
1406 2521 1407 2550 ¹

47 2616 49 2627 ¹
105 2637 110 2658 ¹
138 2613 142 2622 ⁴
232 2648 357 2695 merces
386 2625 499 2694 valuit:
526 2625 656 2716 publico
683 2625 800 2693 auxilio
827 2627 916 2696 nullo
945 2627 1043 2696 adiuti
1067 2639 1145 2696 'sunt
1165 2628 1330 2720 valuitque
1406 2705 1407 2734 1

231 2733 318 2824 apud
338 2730 490 2800 Veientes
511 2769 556 2780 —
576 2753 651 2798 nam
673 2731 713 2799 de
736 2731 849 2799 ceteris
874 2735 980 2802 minus
1002 2733 1117 2800 mirum
1139 2743 1189 2802 est
1209 2771 1253 2788 --
1274 2757 1329 2822 pa·
1406 2737 1407 2822 J

232 2851 282 2904 cta
311 2826 385 2904 cuin
411 2835 551 2904 Romulo
577 2835 768 2903 indutiarum
794 2835 884 2904 fides.
917 2861 993 2905 mun
1018 2835 1141 2905 bellum
1167 2836 1330 2927 utrimque

185 2949 357 3008 utsumma
380 2962 441 3028 ope
463 2951 611 3030 pararent
630 2941 774 3030 vertique
796 2939 828 3007 in
850 2963 890 3008 eo
910 2943 963 3008 res
984 2940 1143 3010 videretur
1163 2942 1225 3010 utri
1240 2943 1330 3032 prius

233 3067 319 3112 arma
340 3043 501 3124 inferrent,
522 3054 658 3132 occupat
677 3043 793 3111 'Pullus
814 3045 848 3112 in
869 3045 980 3135 agrum
1001 3040 1154 3114 Sabinum
1182 3047 1329 3132 transire.
1405 3061 1407 3136 t

234 3168 276 3230 11.
293 3166 403 3243 regiae.
416 3143 504 3225 -Μι
517 3163 587 3238 regii
600 3161 683 3242 capiti
695 3164 744 3222 seri
831 3167 857 3226 6.
875 3169 1026 3242 appellato
1045 3170 1064 3224 a·
1080 3179 1126 3226 ιιι
1144 3169 1178 3228 Μ.
1197 3179 1229 3228 et
1242 3188 1277 3228 m.
1297 3169 1327 3230 2.

109 3261 111 3271 ’
136 3263 139 3273 ’
210 3307 215 3312 .
292 3256 330 3309 ri'c
346 3253 376 3310 iu
393 3269 445 3311 ras.
475 3246 482 3262 “
874 3254 1004 3316 additum.
1027 3255 1101 3314 idem
1124 3257 1150 3315 M
1172 3279 1199 3319 ι.
1220 3260 1260 3318 8.:
1283 3258 1327 3314 lr-

229 3373 266 3388 -
292 3342 392 3418 ibique
409 3338 519 3398 deinde
535 3336 693 3395 hatnoen.-
714 3339 743 3399 M
871 3343 977 3448 giorum
995 3353 1118 3406 ueteres.

292 3427 351 3487 eorl.
360 3425 742 3504 RhenauiJibiqnehabitavit.
813 3428 856 3488 11.
872 3431 1068 3509 nequiquam.-
1093 3431 1163 3506 PM]
1181 3434 1328 3517 nequicqu

247 3517 274 3574 ³.
295 3515 409 3574 Tullios
430 3513 576 3574 Seruilios
606 3513 741 3592 Quintius
783 3558 785 3572 ,
813 3517 855 3576 12.
874 3521 1029 3595 reppetite:
1046 3519 1082 3580 M.

292 3599 458 3677 Geganior:
475 3601 532 3662 PM
812 3605 855 3663 15.
872 3604 945 3663 haec
962 3627 1068 3664 cause:
1085 3604 1131 3676 M]
1149 3603 1200 3660 hae
1218 3621 1324 3664 causae.

249 3690 275 3748 1.
294 3687 443 3743 Curiatios
456 3689 600 3748 Cloeliae:
617 3690 739 3751 Reum·
812 3693 854 3753 18.
871 3695 1138 3767 circuminspicere:
1148 3689 1199 3746 PM
1208 3687 1323 3766 flurin]
1405 3723 1407 3736 ·

293 3776 353 3836 iios
370 3773 506 3830 cloeliae:
499 3774 559 3834 ·.111
871 3780 1084 3856 circumspicere.

247 3855 274 3925 5.
292 3870 442 3920 nostrum.-
453 3859 526 3920 Harl.
534 3866 566 3935 r.]
577 3875 739 3925 nostrorum.
809 3898 844 3911 -
871 3867 1070 3941 Etruriaque:
1087 3862 1132 3938 P]
1151 3864 1266 3926 Etruria.

290 3980 324 3995 -
344 3948 380 4006 P:
396 3941 484 4009 irum
502 3947 543 4006 Mr
558 3947 628 4009 ιιῐιῖι.
645 3954 687 4010 sie
698 3973 739 4012 ex.
808 3957 853 4014 11.
870 3971 981 4012 meroes
998 3952 1099 4012 orlon.
1111 3953 1199 4015 -Mr
1217 3972 1320 4014 meroes

291 4059 315 4096 e.
334 4041 359 4107 1,
377 4039 421 4096 32.
437 4035 499 4094 PM:
517 4037 561 4096 nu
573 4033 652 4100 ῑιῖιιιι
670 4041 697 4100 h.
714 4061 738 4100 e.
870 4040 923 4096 fuir
939 4039 1035 4098 valuit·
1125 4097 1128 4103 ,
1196 4077 1199 4087 ,

292 4128 339 4186 ius
356 4133 497 4186 nostrum.
809 4129 853 4186 nt.
872 4146 937 4186 arm
953 4129 1096 4192 Romulo:
1114 4129 1148 4190 oi.
1167 4133 1193 4200 1,
1213 4129 1253 4188 15.
