2860 4736
130 303 133 309 ·
242 279 284 348 76
630 299 633 316 ·
716 291 824 354 omns
841 294 862 355 l.

163 450 183 485 '¹
240 454 302 522 tiae
322 452 511 538 laederent
531 460 628 546 quarn
649 453 788 522 incuria
810 453 1012 524 solitudinem
1026 454 1137 524 lecerit
1152 455 1239 524 domi
1252 479 1334 548 quo-

240 583 304 650 quc
326 557 433 644 lauat,
460 581 502 628 nc
530 581 628 650 quam
654 558 786 649 stirpam
812 581 854 627 ne
882 583 980 650 quern
1001 559 1152 630 heredem
1173 560 1261 652 regni
1283 585 1335 628 re·

240 664 370 756 linquat
391 685 428 731 sc
449 662 578 754 quidem
599 663 681 732 inter
700 663 764 730 tcla
785 674 820 732 et
839 664 960 756 gladios
981 651 1079 760 patris
1095 663 1240 755 clapsum
1252 663 1336 732 nihil

239 791 376 859 usqrram
397 767 456 836 sibi
476 776 581 834 tutum
602 763 662 832 nisi
684 765 769 858 apud
785 766 896 836 hosta
918 767 954 836 la
977 767 1129 860 Tarquini
1151 767 1333 837 credidisse.

209 891 314 948 snam
335 897 377 940 nc
399 880 546 953 errarent,
568 893 696 938 manere
717 870 754 940 iis
775 871 896 974 bellurn
922 873 1011 964 qnod
1037 872 1179 965 positum
1205 871 1342 952 simule-¹

238 988 307 1061 tur,
336 987 368 1046 et
395 973 682 1068 per'occasionsm
708 997 784 1044 euru
803 974 956 1044 'incautos
988 977 1180 1045 invasurum.
1215 976 1336 1068 quodsi

238 1083 323 1174 apud
345 1103 401 1151 eos
422 1077 616 1170 supplicibus
637 1079 728 1148 locus
749 1103 816 1148 non
836 1078 891 1162 sit,
918 1091 1154 1172 pererraturum
1175 1101 1211 1150 se
1233 1103 1334 1150 omne

133 1269 140 1280 .
236 1185 363 1255 Latium
383 1184 585 1274 Vrdstosque
606 1205 642 1252 se
662 1182 736 1251 inde
764 1194 797 1252 ot
817 1182 949 1276 Aequos
976 1195 1009 1288 ot
1034 1183 1190 1254 Hernicos
1217 1183 1333 1276 petitu

236 1313 317 1376 nrm,
338 1291 441 1359 donec
463 1289 504 1356 ad
525 1309 582 1358 eos
602 1287 766 1380 pervemat
787 1286 875 1378 quia
892 1298 1018 1378 patrum
1033 1287 1212 1356 crudelibus
1233 1299 1334 1380 aspre

133 1377 136 1393 ¹
191 1395 328 1486 roinpiis
348 1381 510 1484 suppliciis
531 1402 650 1516 “32¹9-
661 1391 780 1460 liberos
801 1390 911 1460 sciam.
939 1392 1070 1462 forsitan
1092 1393 1189 1461 etiam
1210 1393 1334 1462 ardoris

221 1498 355 1589 aliquid
377 1497 417 1564 ad
439 1497 559 1566 bellum
581 1518 733 1588 armaque
760 1517 795 1562 se
818 1495 969 1564 adversus
995 1498 1256 1588 superbissimum
1283 1521 1334 1568 re-

235 1626 310 1694 gem
338 1625 375 1668 nc
402 1600 634 1672 lerocissimnm
661 1599 818 1692 populum
844 1599 1055 1692 inventunnn.
1091 1626 1165 1672 cum
1197 1603 1225 1670 si
1252 1601 1331 1670 nihil

234 1715 440 1790 morarentur,
462 1706 603 1774 infensus
624 1705 670 1773 ira
691 1729 787 1796 porro
809 1703 882 1772 inde
905 1704 1046 1774 abitums
1074 1707 1250 1791 videretur,
1277 1707 1332 1774 bc·

115 1868 118 1878 .
233 1812 326 1902 nigne
350 1811 389 1878 ab
413 1810 541 1878 Gabinis
563 1809 728 1900 excipitur.
751 1819 860 1878 vetant
880 1808 996 1892 mirari,
1015 1810 1043 1876 si
1065 1811 1167 1902 qualis
1187 1810 1219 1878 in
1235 1810 1330 1894 cives,

189 1935 222 1991 15
234 1916 336 2006 qualis
362 1915 395 1980 in
422 1913 542 1997 socios,
568 1913 640 1978 talis
668 1913 710 1978 ad
738 1912 883 1979 uldmrun
909 1911 943 1980 in
969 1914 1086 1982 liberos
1112 1926 1207 1984 osset.
1234 1914 1267 1982 in
1293 1938 1330 1983 sc

234 2013 339 2110 ipsum
360 2027 523 2107 postremo
546 2016 749 2100 saevitmum,
770 2015 799 2082 si
820 2015 880 2083 alia
901 2015 1014 2084 desint.
1037 2018 1096 2086 sibi
1111 2042 1188 2087 vero
1204 2027 1329 2110 gratim

235 2122 407 2188 adventum
429 2119 497 2186 cius
519 2143 599 2201 esse,
620 2119 827 2210 futurumque
849 2120 979 2190 credere
1000 2121 1089 2190 brevi
1109 2134 1146 2190 ut
1166 2122 1221 2190 illo
1245 2122 1330 2190 adiu-

233 2236 329 2292 vante
351 2249 369 2292 a
390 2223 490 2316 portis
512 2223 642 2292 Gabinis
662 2223 723 2292 suh
744 2223 888 2291 Romana
908 2225 1036 2294 moenia
1056 2226 1177 2295 bellurn
1198 2226 1328 2295 marmio

233 2341 329 2398 ratur.

185 2455 222 2510 πο
320 2431 402 2502 ΙΝ.
433 2432 522 2530 'Inde
549 2432 582 2500 in
610 2431 742 2523 consilip
770 2432 895 2524 publica
922 2433 1074 2504 adhiberi.
1102 2437 1157 2504 ubi
1183 2459 1258 2504 cum
1288 2436 1327 2506 dc

233 2538 418 2616 aliisrebus
440 2525 596 2636 adsentire
619 2561 654 2606 sc
676 2537 834 2605 veteribus
849 2537 977 2606 Gabinis
1000 2540 1120 2610 diceret
1140 2542 1255 2634 quibus
1270 2566 1327 2609 eae

231 2643 371 2710 notiores
397 2622 615 2734 csscir‘ffipsc
640 2641 815 2710 identidem
844 2643 925 2712 bclli
947 2657 1058 2714 aucmr
1084 2669 1156 2714 csso
1177 2657 1211 2714 ct
1231 2646 1264 2714 in
1285 2669 1325 2716 eo

197 2777 200 2788 ι
231 2745 291 2813 sibi
312 2743 516 2838 praecipuam
537 2747 737 2839 prudentiam
759 2747 941 2832 adsumere,
964 2751 1052 2839 quod
1079 2750 1244 2842 utriusque
1266 2773 1325 2841 po,-

293 2921 332 2976 ris
342 2920 438 2976 mediis
456 2923 595 2999 expunctis
607 2920 647 2978 nil
663 2942 744 3000 appa·
878 2939 1003 3000 recepero
1014 2924 1126 3002 mur-inq.
1140 2925 1326 3002 saturabant.)

292 3005 743 3082 retibinisifrapucntrir..ederc.
814 3011 857 3068 12.
875 3026 941 3068 num
957 3010 987 3067 s‘i
996 3009 1075 3066 nihil
1083 3021 1283 3070 morarentur:
1295 3010 1325 3071 Ρ.

249 3091 277 3150 l.
293 3109 418 3166 nequem
428 3091 568 3148 heredem
578 3094 743 3170 relinquat:
763 3085 764 3092 ἵ
875 3101 908 3152 oa‘r
925 3096 950 3150 si
967 3095 1035 3152 nihil
1052 3107 1234 3156 morarentur:
1254 3097 1290 3156 Μ.

292 3175 328 3236 Μ.
346 3197 441 3254 neque
453 3177 592 3237 heredem
604 3182 690 3260 regni
699 3199 743 3238 re·
813 3183 857 3241 18.
874 3201 895 3238 a
908 3184 1019 3258 portia.-
1030 3181 1058 3242 Μ
1070 3204 1106 3244 nr.
1117 3184 1177 3244 ΜΡ
1196 3185 1269 3245 llari.
1286 3187 1323 3257 r.]

265 3289 268 3296 ¹
292 3267 425 3342 linquat:
443 3264 493 3348 Py
635 3327 636 3330 Ἴ
875 3268 908 3325 ab
936 3272 1031 3348 portia.
1055 3303 1090 3318 ·-·
1117 3272 1145 3330 Μ
1168 3293 1204 3333 m.
1228 3277 1267 3335 l.t
1289 3271 1323 3330 ad

120 3365 126 3373 “
249 3353 375 3428 ὀραριιᾶ
391 3352 493 3411 hosti:
511 3354 543 3411 P.
874 3359 970 3435 poclis.
1155 3403 1157 3410 ι

237 3469 281 3484 -··=
291 3441 329 3500 L.
349 3442 506 3518 Tarquini:
523 3437 572 3514 Μ]
585 3437 616 3499 la.
628 3439 741 3520 'l‘arqni-
811 3443 856 3501 20.
874 3444 905 3500 in
926 3447 1067 3504 consilia.-
1090 3447 1113 3504 P
1135 3447 1212 3508 [mid
1234 3451 1272 3522 r.]
1296 3448 1324 3504 in

290 3529 338 3586 nii.
471 3545 473 3553 ’
873 3531 997 3592 concilia.

247 3614 278 3672 5.·
291 3632 410 3670 manere
427 3616 464 3670 iio
481 3617 605 3674 bellumr
623 3613 668 3688 P]
686 3623 740 3672 lna·
811 3615 855 3678 ll.
875 3621 982 3696 quibus
1003 3640 1057 3678 cae
1079 3622 1225 3681 non'om:
1249 3619 1322 3694 ΡΜ]

221 3711 223 3716 ’
291 3697 741 3773 nerolrisbcllnm(ll).-Harl.r.
873 3706 970 3782 quibus
983 3705 1038 3762 lrae
1055 3708 1183 3763 notiores.

290 3805 409 3844 manere
426 3772 510 3842 enim*
520 3789 567 3846 hia
584 3791 701 3848 bellum.
811 3791 855 3850 2⁸2.
871 3801 976 3848 nudor
992 3810 1059 3872 assa
1075 3800 1106 3848 et
1116 3792 1146 3848 in
1158 3811 1251 3850 corax
1261 3813 1322 3852 oon.

245 3875 272 3932 6.
290 3872 505 3930 occassionem.-
523 3873 558 3934 P...
871 3879 930 3948 m]
954 3873 1051 3933 auctor
1076 3897 1144 3947 esso,
1172 3881 1201 3937 in
1225 3901 1266 3941 eo.
1288 3913 1322 3924 -

246 3965 273 4020 8.
292 3959 480 4044 Volscosque
509 3981 543 4018 se
571 3963 655 4021 inde:
690 3963 739 4022 ΡΜ
871 3963 935 4021 Pu:
952 3973 1057 4021 auctor
1073 3977 1153 4025 esset
1170 3969 1201 4026 io
1218 3989 1267 4026 eor
1286 3968 1320 4027 cl.

290 4045 364 4104 Harl.
372 4048 406 4118 r.]
424 4045 591 4124 Volscosque
603 4050 673 4108 inde.
692 4050 739 4120 (cl.
792 4112 795 4117 ¹
869 4049 902 4110 Τ.
914 4049 976 4110 Livi
987 4049 1006 4110 l.
1017 4051 1106 4114 XXX.
1117 4075 1146 4133 p.
1158 4055 1243 4116 xxu.
1256 4057 1281 4126 ᾗ.
1294 4057 1320 4112 2.

290 4137 322 4202 2,
342 4135 395 4192 48:
423 4133 564 4210 eloquius
589 4137 618 4194 in
640 4136 739 4214 oppida
