2860 4736
217 313 261 380 84
516 349 582 370 -a
693 324 840 389 unsar

180 480 186 488 ’
219 509 307 554 aum:
328 485 448 554 sermm
469 489 502 556 in
523 511 622 558 mana
644 497 709 558 cst:
731 488 867 558 moriere
882 487 910 555 si
925 485 1068 554 emiseris
1081 487 1232 552 vocem“
1249 504 1341 550 cum

221 591 335 683 pavida
362 615 404 660 ex
431 617 546 662 sonmo
575 593 689 665 mulier
716 591 839 662 nullam
867 615 972 684 opem,
995 614 1096 684 prope
1118 599 1262 658 mortem
1284 589 1340 655 in-

223 696 397 766 minentem
419 697 550 784 videret,
572 709 642 766 tum
664 697 855 790 Tarquinius
876 695 968 764 fateri
983 717 1136 778 amorem,
1151 717 1255 777 orare,
1273 692 1340 760 mi-

223 824 312 870 scere
340 801 488 895 precibus
514 802 633 888 minas,
661 825 788 872 versare
815 801 849 868 in
872 823 984 868 omnes
1005 809 1112 892 partes
1134 796 1340 872 muliebrem

193 906 377 976 tanimum.
400 907 455 978 ubi
477 907 668 978 obstinatam
690 905 820 986 videbat
841 916 875 974 et
895 928 937 974 ne
958 903 1070 973 mor'ds
1090 901 1222 995 quidem
1235 911 1339 992 metu
1396 910 1399 923 “

223 1010 375 1096 inclinari,
398 1012 486 1080 addit
507 1013 548 1080 ad
569 1022 693 1082 metum
714 1010 869 1079 dedecus:
898 1034 974 1078 cum
1001 1019 1127 1078 mortua
1148 1005 1338 1097 iugulatum

224 1137 354 1185 servum
374 1118 508 1186 nudum*
519 1117 698 1210 positumm
719 1115 771 1200 ait,
792 1126 829 1184 ut
850 1115 883 1182 in
898 1113 1027 1182 sordido
1042 1113 1197 1182 adulterio
1213 1119 1336 1179 necata

226 1219 356 1288 dicatur.
377 1237 445 1314 qno
467 1232 588 1290 terrore
611 1245 686 1289 cum
706 1220 835 1288 vicisset
857 1219 1049 1290 obstinatam
1070 1215 1256 1311 pudicitiam
1277 1237 1336 1282 ve·

227 1321 275 1391 lut
296 1323 410 1393 victrix
431 1323 527 1393 libido
551 1326 779 1417 profectumque
800 1323 873 1392 inde
895 1322 1086 1414 Tarquinius
1115 1322 1207 1391 ferox
1230 1343 1335 1414 expu-

184 1432 218 1491 1⁰
228 1437 324 1518 gnaro
353 1428 469 1498 decore
496 1429 643 1500 muliebri
671 1439 771 1512 esset,
799 1426 945 1494 Lucretia
970 1438 1094 1496 maesta
1122 1437 1212 1496 tanto
1239 1422 1334 1492 malo
1401 1480 1404 1490 .

228 1531 376 1600 nuntium
396 1533 534 1603 Romam
554 1534 695 1604 eundem
717 1533 758 1602 ad
780 1543 905 1624 patrem
931 1531 1134 1624 Ardeamque
1163 1529 1205 1598 ad
1225 1527 1334 1596 vinam

167 1709 170 1722 ,
228 1633 338 1720 mittit,
365 1648 402 1705 ut
430 1657 506 1706 cum
530 1638 663 1729 singulis
692 1637 838 1706 fidelibus
866 1635 975 1720 ainipis
1001 1637 1144 1716 „veniantr
1171 1633 1214 1702 ita
1243 1632 1331 1700 facto

228 1750 453 1833 maturatoque
477 1765 559 1834 opus
582 1767 663 1826 esse,
684 1765 754 1810 rem
776 1754 919 1810 atrocem
940 1740 1097 1809 incidisse.
1120 1737 1256 1832 Spurius
1270 1735 1332 1804 Lu-

229 1845 345 1912 cretius
373 1869 448 1914 oum
479 1846 517 1913 P.
545 1847 674 1916 Valerio
702 1847 816 1914 Volesi
849 1846 930 1931 filio,
963 1845 1149 1914 Conlatinus
1175 1842 1213 1912 L.
1240 1840 1331 1910 Iunio

182 1950 217 2006 ¹5
230 1945 330 2016 Bruto
351 1949 448 2033 venit,
470 1973 546 2019 cum
567 1974 634 2040 quo
656 1949 740 2020 forte
753 1949 891 2018 Romam
913 1948 1038 2016 rediens
1061 1948 1101 2017 ab
1121 1949 1232 2016 nuntio
1249 1963 1333 2014 'uxo-

230 2049 274 2116 ris
302 2063 371 2119 erat
399 2064 586 2123 conventus.
614 2053 797 2122 Lucretiam
824 2053 992 2120 sedentem
1017 2065 1174 2122 maestam
1193 2053 1227 2120 in
1249 2049 1334 2118 cubi-

232 2153 306 2221 culo
328 2155 502 2224 mueniunt.
525 2158 665 2226 adventu
687 2180 818 2226 suorum
838 2155 989 2224 lacrimae
1012 2157 1158 2226 obortae:
1182 2157 1332 2248 quacien-

231 2257 320 2350 tique
341 2260 410 2328 viro
432 2261 687 2350 „satin’salve?“
709 2261 886 2347 „minime“
899 2260 1016 2353 inquit:
1038 2263 1140 2352 „quid
1155 2262 1241 2330 enim
1254 2259 1332 2328 salvi
1405 2291 1408 2298 ⁴

233 2373 284 2430 est
300 2363 426 2432 mulieri
439 2364 554 2434 amissa
567 2367 738 2457 pudicitia?
752 2367 890 2456 xvestigia
911 2367 969 2434 viri
992 2366 1094 2450 alieni,
1109 2367 1284 2449 Conlatino,
1297 2365 1333 2462 jn

184 2466 317 2536 solacio
334 2480 408 2538 sunt
425 2480 493 2538 tuo.
511 2481 654 2540 ceterum
669 2495 785 2564 corpus
808 2482 858 2540 est
878 2481 1004 2538 tantum
1025 2471 1192 2556 violatum,
1211 2471 1333 2540 animus
1348 2470 1351 2478 ’

231 2571 351 2642 insons.
371 2597 460 2642 mors
471 2576 560 2644 testis
571 2575 638 2644 erit
656 2576 714 2644 sed
737 2575 810 2643 date
831 2576 978 2644 dexteras
1000 2575 1161 2670 fidemque
1183 2575 1268 2644 haud
1288 2574 1332 2641 in-

215 2781 217 2788 !
233 2699 319 2770 pune
334 2678 478 2746 adultero
490 2679 570 2748 fore.
583 2680 666 2750 Sex.
680 2691 730 2750 est
741 2679 941 2770 Tarquinius,
959 2679 1014 2770 qui
1026 2679 1127 2748 hostis
1138 2703 1197 2771 pro
1209 2679 1332 2770 hospite

254 2853 279 2912 1.
294 2854 422 2912 moriere
433 2856 463 2912 ai
472 2857 622 2917 emiseris:
639 2855 662 2914 P
675 2876 711 2917 m,
723 2857 750 2914 2.
822 2855 865 2913 14.
885 2854 1060 2912 Conlatinus
1077 2855 1112 2914 L.
1129 2855 1216 2912 Iunio
1225 2854 1332 2912 Bruto:

295 2937 464 2999 dlmoriereo
474 2946 498 3000 si
509 2945 644 3001 emiseris:
655 2943 755 3003 ΡΜ.
882 2937 933 3010 Μ]
953 2939 1103 3018 Collatinus¹
1122 2963 1182 2999 cnm
1207 2941 1238 3000 L.
1257 2941 1331 2998 lunio

254 3021 281 3080 9.
296 3025 411 3094 pauido
437 3049 478 3086 ea:
499 3048 603 3086 somno
627 3031 752 3086 mulier:
882 3025 979 3087 Bruto.
996 3027 1234 3108 .(Nonnumquam
1261 3031 1331 3087 enim

298 3108 322 3166 P
343 3129 380 3170 m.
403 3114 429 3172 2.
451 3113 487 3174 Μ.
509 3113 609 3192 pauida
627 3136 660 3173 ex
678 3115 752 3172 omni
882 3111 979 3170 Livius
1004 3114 1088 3172 attero
1114 3116 1175 3174 loco
1197 3117 1330 3197 praeposi·
1364 3129 1369 3136 ·

297 3197 408 3256 nuber:
426 3199 449 3258 P
466 3221 502 3261 m.
521 3205 549 3265 1.
883 3202 986 3258 tionem
1004 3222 1058 3260 non
1079 3207 1190 3282 scripsit
1205 3204 1254 3260 aad
1269 3223 1330 3279 aup-

253 3283 282 3342 3.
298 3305 401 3344 orare:
424 3287 448 3346 P
465 3309 500 3349 m.
519 3291 545 3349 Ρ.
562 3289 599 3350 Μ.
617 3309 707 3347 arare:
730 3288 753 3345 P
884 3285 955 3366 pleri
971 3287 1065 3350 voluit.
1082 3293 1127 3361 30,
1145 3294 1194 3349 al:
1217 3294 1270 3360 „ia
1285 3289 1330 3348 St·

298 3393 334 3432 m.
352 3377 377 3435 1.
395 3405 430 3420 -
445 3376 547 3436 Eadem
559 3398 595 3437 m.
609 3381 632 3436 1.
643 3377 678 3434 P:
691 3397 752 3434 mu·
884 3377 998 3444 cilium,
1033 3379 1103 3436 inde
1138 3387 1167 3438 et
1200 3379 1332 3451 Africam

299 3461 752 3524 latebremtdcduoumdulula·
885 3467 1110 3526 narraturum:
1146 3487 1180 3522 ex
1215 3465 1272 3524 Put.
1305 3474 1332 3521 et
1390 3477 1392 3482 '

295 3534 372 3607 ¹tum.
388 3570 425 3610 m.
443 3555 484 3611 2:
502 3551 658 3612 muliebrem
671 3595 693 3612 ..
706 3551 752 3608 de·
771 3572 772 3581 ¹
885 3547 996 3620 Bamb.)

301 3631 384 3689 decus
395 3677 402 3693 .
412 3679 419 3694 .
431 3637 585 3712 iugulatum,
826 3636 869 3697 17.
886 3639 1029 3696 lacrimae
1046 3641 1184 3696 obortae.-
1207 3633 1237 3692 P.
1258 3631 1329 3694 lacri·

258 3717 284 3776 5.
303 3717 498 3779 obsonatum.-
516 3725 572 3784 ΡΜ.
836 3735 841 3753 “
888 3745 947 3781 mae
965 3726 1087 3790 abortae:
1105 3723 1140 3780 Μ.

243 3804 284 3860 11.
303 3804 444 3863 eundem:
461 3807 497 3868 Μ.
511 3809 627 3870 —Pm
640 3813 678 3871 La
691 3831 753 3906 qon-
825 3813 869 3872 18.
886 3810 975 3870 autin'
991 3813 1094 3867 salue:
1111 3807 1182 3882 ΡΜ]
1199 3811 1265 3867 satin
1281 3811 1329 3867 sal·

305 3891 374 3950 dam.
392 3911 428 3953 m.
446 3897 488 3954 2:
507 3896 631 3958 eundum.
885 3917 943 3957 vae.

243 3978 285 4037 13.
303 3977 433 4054 Spurius
454 3979 609 4041 Lucretius
632 4005 698 4042 cum
719 3985 755 4046 P.
825 3987 869 4044 Μ.
888 3986 1048 4042 dexteros:
1065 3981 1134 4056 ΡΜ]
1153 3983 1265 4043 dextras.

302 4066 337 4124 V
332 4067 426 4126 aterio
445 4069 553 4154 Volesi
557 4069 644 4143 filio:
662 4069 720 4128 ΡΜ.
825 4074 870 4131 22.
887 4072 961 4132 Sex.
980 4080 1026 4128 eat
1045 4072 1241 4158 Tarquinius:
1260 4069 1311 4129 ΡΜ.

1409 3913 1412 4034 t
