2860 4736
274 296 336 408 tls
439 327 442 336 '
738 343 899 404 amana.
967 380 971 390 .
1043 349 1047 358 ’

272 538 360 584 mere
382 513 415 580 in
437 511 587 580 adversos
607 507 725 578 monu's
747 527 862 598 agmen
890 504 1032 595 erigeret.
1060 503 1094 570 id
1122 503 1207 572 male
1234 503 1375 570 comnis-

273 645 345 690 sum
372 617 493 709 ignavia
521 613 662 683 hostium
686 613 720 680 in
747 612 870 678 boumn
897 610 1006 696 vertit,
1036 607 1101 700 qui,
1122 605 1314 699 priusquam
1336 611 1376 677 ad

274 725 454 794 conlectum
478 721 535 790 teli
561 719 734 801 veniretur,
765 714 978 806 obsmpelaeti
999 713 1130 783 audacia
1151 711 1376 782 Romanomm

273 828 389 897 relictis
412 825 530 910 castris,
553 848 635 916 quae
656 821 872 890 munitissimis
894 829 1062 888 tenuerant
1083 817 1174 902 loeis,
1193 817 1227 884 in
1244 839 1376 885 aversas

243 933 373 1009 svalles
397 931 562 1014 desiluere,
583 928 639 996 ubi
660 926 736 993 satis
757 927 895 1018 praedae
907 935 951 1009 let
972 923 1102 992 victoria
1117 923 1282 1012 inementa
1305 921 1374 990 init.

274 1041 320 1105 lta
346 1037 497 1106 trifariam
523 1057 558 1101 re
586 1031 672 1100 betto
699 1032 782 1112 bene
810 1042 898 1122 gesta
930 1030 970 1098 de
998 1027 1245 1098 domesticarum
1267 1050 1375 1094 rernm
1415 1093 1417 1114 ἲ

275 1153 392 1210 eventu
413 1164 474 1208 nec
495 1138 657 1242 patribus
657 1159 719 1204 nec
741 1135 828 1226 plebi
854 1159 930 1204 eura
957 1135 1153 1203 decesserat:
1181 1143 1270 1200 tanta
1300 1142 1373 1200 eum
1415 1185 1417 1264 4

274 1245 372 1335 gratia
394 1268 469 1313 eum
491 1255 557 1312 arte
578 1251 843 1346 praeparaverant
864 1240 1059 1308 feneratores
1082 1260 1165 1328 quae
1185 1260 1253 1305 non
1275 1238 1372 1306 modo
1415 1277 1417 1342 ί

156 1385 159 1388 -
274 1350 404 1440 plebem
430 1347 524 1415 sed
514 1371 620 1439 ipsum
637 1345 745 1414 etiam
772 1345 960 1413 dictatorem
981 1335 1213 1412 frustrarentur.
1235 1365 1374 1433 namque
1414 1345 1417 1424 l

170 1515 172 1524 ,
228 1476 263 1531 10
275 1453 420 1522 Valenus
442 1463 517 1574 post
538 1451 652 1522 Vetusi
674 1447 813 1519 consulis
834 1449 971 1518 reditum
993 1447 1137 1517 omnium
1159 1447 1322 1516 actionum
1343 1449 1375 1514 in
1416 1469 1417 1472 ¹

121 1545 157 1570 ”
274 1570 387 1626 senatu
404 1559 544 1678 primam
564 1557 677 1626 habuit
696 1580 756 1648 pro
784 1555 905 1624 victore
932 1554 1072 1646 populo,
1100 1551 1270 1650 retulitque
1298 1553 1375 1644 quid

275 1666 318 1732 de
338 1663 428 1732 nexis
450 1663 519 1730 fieri
539 1663 691 1754 placeret
714 1683 796 1752 quae
819 1683 895 1728 eum
916 1661 1033 1729 reiecta
1050 1658 1161 1726 relatio
1178 1669 1264 1726 esset
1285 1683 1373 1742 „non

274 1769 414 1860 placeo“
435 1766 537 1858 inquit
558 1767 774 1887 „concordiae
797 1776 918 1834 auctor.
946 1764 1094 1856 optabitis
1116 1787 1169 1831 me
1192 1763 1262 1830 dius
1284 1761 1374 1828 lidius

276 1897 377 1964 prope
400 1872 485 1939 diem
506 1883 543 1938 nt
563 1872 629 1938 mei
651 1871 769 1937 similes
784 1871 928 1956 Romana
943 1869 1046 1960 plebis
1060 1879 1213 1960 patronos
1227 1868 1374 1948 habeant.
1416 1859 1417 1864 ἵ

229 1996 263 2051 15
276 1977 364 2068 (prod
386 1976 427 2042 ad
448 1999 501 2042 me
524 1975 645 2072 attinet
666 1997 773 2064 neque
794 1949 971 2040 frustrabor
992 1973 1075 2040 ultra
1103 1974 1189 2041 cives
1210 1996 1301 2040 meos
1321 1995 1374 2040 ue·

154 2075 158 2082 ’
276 2097 339 2169 que
361 2079 429 2178 ipse
452 2067 569 2145 frustra
598 2078 734 2148 dictator
759 2102 826 2147 ero.
856 2079 1099 2164 discordiaet
1052 2103 1085 2146 m
1085 2079 1234 2160 testinee,
1255 2077 1373 2144 bellum

276 2194 443 2250 externum
465 2182 570 2250 iecere
592 2195 628 2251 ut
650 2184 713 2251 hoc
734 2183 919 2281 magistratu
941 2194 1049 2273 egeret
1068 2206 1120 2250 res
1142 2182 1286 2282 publica·
1313 2206 1374 2272 pax

157 2289 166 2302 '
275 2288 352 2354 foris
373 2299 464 2378 parta
487 2297 545 2370 est,
567 2261 655 2355 danti
675 2287 842 2378 inpeditur.
863 2287 1006 2378 privatus
1031 2287 1139 2380 potius
1162 2311 1260 2378 qnam
1283 2287 1374 2353 dicta-

276 2405 327 2460 tor
348 2392 493 2460 seditioni
515 2392 663 2496 interero.
670 2397 688 2428 “
710 2393 753 2458 ita
776 2391 863 2458 arria
885 2415 1030 2483 egressus
1053 2392 1206 2460 dictatura
1234 2415 1271 2459 se
1293 2391 1374 2458 abdi·

229 2498 370 2570 meavit.
395 2498 539 2590 apparuit
561 2521 655 2564 causa
677 2495 773 2588 plebi,
795 2517 888 2562 suam
909 2497 1015 2565 vicem
1040 2495 1255 2588 indignantem
1283 2497 1375 2586 magi·

278 2613 378 2670 stratu
400 2602 514 2670 abisse.
536 2601 643 2693 itaque
665 2601 755 2670 velut
775 2600 939 2692 persoluta
961 2602 1033 2685 fide,
1056 2603 1208 2693 quoniam
1229 2626 1288 2694 per
1303 2627 1404 2680 euin,

199 2779 202 2786 ,
295 2727 321 2783 1.
338 2727 462 2782 mantia:
479 2724 528 2798 P]
546 2721 792 2784 montes—llm.
814 2719 818 2726 ’
904 2723 1001 2781 -initio
1021 2725 1129 2801 quidem
1145 2717 1176 2781 in
1193 2716 1379 2802 llldratq'aid

340 2815 381 2870 1.:
406 2812 615 2914 ppnlraereu-
580 2812 687 2870 -P
688 2833 723 2872 ιιι.
752 2817 823 2872 1.:
924 2812 1055 2878 dania
1072 2813 1122 2870 sed
1139 2812 1233 2870 eadem
1244 2831 1281 2872 m.
1294 2814 1319 2870 1.
1331 2811 1378 2867 ad·

338 2902 498 2958 conmissus.
837 2911 840 2913 ’
923 2897 1008 2954 ditum
1027 2907 1068 2954 est
1085 2919 1129 2958 ne.

189 3062 193 3070 Ι
294 2985 352 3041 1.
339 3005 371 3038 m
388 2975 538 3042 aduersas
556 2987 668 3043 ualles:
661 2984 742 3044 ·ΡΜ.
756 3015 792 3028 -·
863 2985 906 3042 11.
924 2985 1047 3050 relatio:
1064 2984 1095 3045 P.
1113 2989 1240 3044 ralatio:
1257 2983 1293 3044 Μ.

339 3067 419 3128 lim
439 3073 477 3127 1.·
495 3073 751 3132 minutissimis.-
769 3072 791 3128 P
862 3071 906 3128 13.
925 3072 1078 3144 optabatis:
1095 3069 1164 3131 Pan.
1177 3075 1203 3132 1.
1222 3075 1374 3133 atrabatis.-

337 3175 374 3216 m.
394 3161 433 3215 1.:
452 3155 598 3215 trifariam.
923 3155 945 3212 P
963 3177 998 3217 m.
1018 3159 1043 3215 1.
1059 3156 1095 3216 Μ.

295 3247 322 3319 7.
339 3255 424 3302 tanta
440 3265 505 3300 cam
520 3246 623 3322 gratia
635 3265 699 3300 cum
710 3253 789 3300 arte:
861 3244 904 3303 11.
922 3264 1047 3300 ranmna
1061 3246 1172 3322 plebia:
1190 3247 1218 3304 Μ
1235 3267 1271 3307 ιιι.
1290 3251 1315 3307 1.
1333 3247 1374 3320 Ρ]

336 3331 364 3390 Μ
386 3352 430 3400 m„
442 3333 490 3405 1.]
519 3340 592 3387 tanta
620 3351 680 3387 curu
706 3332 789 3405 gratia
921 3351 1029 3390 romana
1047 3331 1149 3412 plebes.

336 3431 394 3477 tum
412 3429 476 3480 arte.
495 3451 530 3463 -
548 3417 577 3477 Μ
594 3439 629 3479 ιιι.
648 3421 688 3478 1.;
715 3427 789 3474 tauta
859 3449 896 3462 ·-
922 3419 1064 3478 habeant.-
1082 3421 1131 3494 Μ]
1150 3421 1255 3480 habeat.

336 3517 397 3562 tam
415 3517 461 3584 gri
479 3519 541 3566 tum
559 3517 616 3566 arte
630 3525 788 3588 preparant·
861 3510 903 3567 17.
915 3508 1022 3580 fecere
1045 3507 1157 3565 ut'lroa
1180 3510 1378 3584 magistratu:

103 3655 107 3667 .
225 3605 228 3610 ·
338 3604 399 3649 rant
423 3596 612 3655 foeneratores.
647 3595 683 3652 P:
705 3601 792 3650 tanta
921 3593 951 3654 P.
975 3627 1009 3638 -
1030 3595 1069 3652 tlt:
1088 3595 1187 3650 fecerat
1202 3595 1207 3661 Ι
1222 3592 1274 3646 hoe
1291 3597 1378 3670 magia

337 3699 402 3734 cum
413 3686 544 3759 gratiam
555 3694 617 3740 tum
630 3693 724 3740 artem
738 3685 789 3742 eet.
835 3695 842 3709 '
922 3691 1016 3740 stratu.
1035 3712 1068 3722 -
1087 3677 1152 3735 tut:
1172 3685 1248 3750 νοσῇ.

261 3777 269 3796 ’
339 3795 372 3806 -
391 3765 413 3821 P
432 3787 466 3825 ιιι.
487 3771 727 3827 refrenarentur.
861 3769 903 3826 19.
922 3769 1070 3822 dictatura
1096 3785 1129 3819 se
1152 3764 1319 3820 abdicauit:
1346 3766 1377 3824 Μ

276 3851 863 3927 10.Vetasialut]vetusti..-Plt1:1
920 3871 955 3909 m.
970 3855 996 3908 1.
1008 3850 1038 3907 P.
1051 3849 1246 3925 dictaturam:
1258 3851 1333 3914 Μιιι
1348 3858 1375 3911 1.

263 3984 265 3988 .
337 3941 368 3996 in
386 3945 499 4000 arnalii.
918 3969 952 3980 -·
971 3936 993 3992 P
1015 3956 1050 3994 m.
1073 3938 1113 3994 1.·
1135 3943 1271 4044 aparuit
1277 3961 1374 3998 causa

175 4087 177 4094 ¹
276 4030 319 4089 11.
336 4029 510 4103 retulitque.-
533 4026 605 4102 ΡΜ]
624 4029 786 4105 rettulitque.
915 4025 1011 4101 plebia
1029 4043 1116 4080 suam
1133 4029 1234 4085 ur'aam.

274 4145 308 4156 -
337 4116 412 4191 qaid
435 4115 473 4171 de
496 4118 582 4172 nexis
598 4118 676 4190 ficri
688 4117 785 4190 placa·
857 4115 901 4171 11.·
917 4113 1058 4188 quantam
1078 4133 1134 4188 par
1155 4135 1285 4173 aam-
1254 4113 1370 4170 -PllL

335 4211 395 4262 retr
405 4200 476 4273 ΡΜ]
495 4201 560 4276 qnid
579 4204 654 4262 nexis
673 4212 723 4260 eet.
739 4202 784 4260 Ab
917 4205 962 4273 qr'r'r
976 4219 998 4276 ῃ
1016 4219 1084 4258 enm.
