2860 4736
20 476 32 600 r

586 283 698 349 ursan
712 283 733 348 1.
1039 275 1056 296 ‘'
1162 273 1204 354 81
1279 359 1282 370 ι

103 473 171 542 que
193 473 267 520 cum
289 447 331 517 ad
353 431 481 541 publiea
503 448 643 545 prodigia
666 449 791 520 Etrusci
818 461 941 522 tantum
961 463 1051 522 uates
1079 444 1205 542 adlube-

103 566 221 639 rentur,
244 555 307 622 hoc
330 555 420 622 velut
441 553 618 620 domestico
642 555 809 623 extersitus
828 553 901 623 uisu
917 555 1063 646 Delphos
1084 555 1125 623 ad
1139 576 1204 620 ma·

101 659 189 728 xime
211 659 367 750 inclytum
386 658 421 723 in
442 657 532 724 terris
556 654 720 725 oraculum
741 661 868 728 nuttam
890 659 1008 727 statuit.
1030 680 1135 751 noque
1156 683 1203 726 re·

100 785 221 853 sponsa
250 763 384 831 sortium
412 759 469 828 ulli
499 761 550 828 alii
577 764 775 832 committere
805 786 901 832 ausus
929 763 1010 830 duos
1037 761 1119 831 filios
1145 785 1204 856 par
1332 819 1336 826 ,

90 865 225 956 ‘ignotas
253 891 291 934 aa
318 877 509 960 tempestate
542 875 643 934 terram
669 866 825 957 ignotiora
851 867 951 936 maria
978 865 1013 934 in
1039 866 1232 934 Graecisms

98 970 197 1038 misit.
221 970 313 1036 'litus
335 982 368 1039 et
389 971 510 1038 Armns
532 970 677 1062 profecti.
701 995 811 1038 comes
832 971 869 1038 iis
892 971 1017 1038 additus
1038 968 1075 1037 L.
1097 968 1203 1035 lunius

60 1158 62 1171 1
99 1072 222 1142 Brutus
244 1073 417 1166 Tarquinia
438 1098 549 1142 sorore
571 1075 653 1166 regis
675 1087 777 1159 natus,
797 1075 919 1144 iuvenis
940 1072 1037 1166 longo
1059 1073 1139 1140 alius
1159 1073 1203 1138 in·

100 1175 195 1268 genio
219 1203 316 1270 quam
339 1180 427 1248 cuius
450 1178 685 1247 simulationem
703 1177 857 1248 induerat.
884 1179 912 1246 is
944 1203 1022 1247 oum
1048 1177 1203 1269 primores

100 1281 236 1350 civitatis
264 1283 297 1352 iu
327 1283 450 1376 qsu'bus¹
469 1283 602 1370 fratrem
630 1306 726 1352 suum
754 1281 794 1350 ab
822 1284 979 1352 auunculo
996 1281 1203 1351 interfectum

100 1386 251 1471 audisset,
273 1412 379 1480 neque
401 1388 435 1456 iu
458 1388 564 1457 auium
586 1411 646 1456 suo
670 1387 843 1480 ‹psioquam
863 1389 929 1479 regi
949 1387 1127 1456 timendum
1149 1409 1202 1452 ne·
1216 1400 1251 1455 10
1375 1381 1379 1386 ¹

100 1491 219 1582 quain
247 1491 373 1560 fortuna
402 1492 694 1585 concupiscendum
721 1491 899 1582 relinquere
927 1492 1036 1560 statuit
1062 1494 1201 1558 contam-

101 1604 225 1685 ptuque
248 1606 335 1664 tutus
357 1621 438 1679 esse,
459 1596 516 1662 ubi
537 1596 570 1662 in
591 1595 659 1664 iure
687 1617 800 1686 parum
818 1594 976 1686 praesidii
1001 1605 1097 1663 assat.
1125 1617 1201 1684 argo

102 1719 145 1762 ex
167 1697 318 1766 industria
340 1699 443 1766 lactus
466 1701 507 1766 ad
528 1699 737 1768 imitationem
760 1699 909 1765 stultitiae
932 1723 1007 1765 oum
1029 1721 1064 1764 se
1080 1719 1202 1787 masque

101 1801 242 1892 praedae
267 1825 338 1870 esse
359 1803 425 1894 regi
446 1804 572 1885 sineret,
594 1801 686 1888 Bruti
708 1825 840 1894 quoquo
861 1801 941 1870 haut
963 1801 1070 1868 abnuit
1087 1822 1201 1890 cogno·

8 1893 17 1904 ’
58 1933 69 1958 x
99 1927 187 1985 men,
215 1915 252 1972 ut
279 1907 338 1974 sub
368 1907 437 1974 aius
465 1905 599 1975 obtentu
625 1906 823 1997 oognominis
843 1906 995 1976 liberator
1015 1905 1074 1973 illo·
1090 1903 1203 1996 populi
1215 1917 1249 1974 16

99 2007 237 2074 Romani
264 1997 387 2077 animus
413 2009 515 2077 latens
545 2010 721 2101 operiretur
748 2021 893 2102 tempora
910 2034 988 2078 sua.
1015 2010 1042 2079 is
1068 2021 1139 2078 tum
1161 2007 1202 2111 pb
1239 2073 1243 2082 .

99 2111 270 2204 Tarquinis
292 2114 407 2181 duetus
428 2113 576 2206 Delphos
591 2155 635 2166 -
650 2113 823 2182 ludibrium
844 2116 949 2184 vetius
971 2139 1070 2207 quam
1092 2133 1202 2182 eomes

100 2256 145 2268 -
168 2239 300 2284 aureum
323 2216 474 2285 baculum
494 2217 655 2286 inclusum
677 2221 806 2288 corneo
820 2230 933 2287 cavato
962 2220 1003 2286 ad
1024 2218 1057 2286 id
1086 2216 1201 2284 baculo
1305 2289 1309 2308 ,
1337 2249 1340 2260 ·

99 2321 212 2388 tulisse
234 2322 356 2390 donum
376 2321 665 2428 Apollinitdioitum
686 2348 745 2416 par
773 2321 923 2415 ambages
951 2323 1090 2414 effigiem
1117 2321 1202 2410 iuga·

4 2419 6 2438 ³
99 2424 145 2492 nii
165 2424 224 2492 sui.
248 2449 312 2516 quo
335 2436 507 2517 postquam
527 2437 662 2494 venturu
683 2438 742 2511 est,
763 2427 912 2519 perlectis
928 2429 1026 2520 patris
1038 2423 1202 2496 ,mndata
1214 2435 1250 2491 uo

101 2527 218 2618 cupido
238 2529 368 2598 isicessit
389 2531 511 2600 animos
531 2531 685 2598 iuvenum
706 2531 884 2600 sciscitandi
906 2533 947 2599 atl
969 2531 1202 2624 quam'eorum

100 2655 236 2724 regnum
256 2633 438 2701 Romanum
461 2646 546 2703 esset
567 2647 747 2704 venusium.
769 2636 942 2728 expinlimo
964 2659 1065 2726 specu
1086 2655 1202 2702 vocem

100 2737 257 2804 redditam
284 2737 391 2805 sonunt
418 2739 611 2830 „imperium
639 2765 801 2809 summum
826 2741 949 2807 Romae
982 2739 1113 2807 habebit
1147 2733 1203 2826 qui

100 2852 243 2909 vestrum
270 2841 407 2937 primus,
436 2869 456 2911 o
484 2844 631 2928 iuvenes,
654 2844 801 2913 osculum
823 2837 1081 2912 matri¹tulerit.'“
1125 2837 1201 2907 'Par-

101 2937 226 3037 quinius
255 2946 389 3030 Sextus,
418 2948 472 3038 qui
500 2947 624 3018 Romae
654 2949 782 3018 relictus
804 2949 921 3033 uerat,
949 2959 986 3015 ut
1006 2945 1134 3038 ignauus
1155 2967 1202 3012 ru
1214 2953 1249 3012 15

102 3077 146 3146 ,3.
165 3075 406 3149 ιἠεΜιιηιεῬΜ]
423 3077 555 3138 inolitum.
646 3111 649 3120 ι
748 3090 823 3137 retur
839 3089 960 3155 tempora
978 3097 1036 3137 sua.
1054 3074 1108 3146 (P).

118 3163 145 3222 6.
157 3163 296 3222 Arruns:
305 3163 375 3238 ΡΜ]
384 3164 482 3225 Aruns.
492 3165 526 3225 cl.
537 3169 562 3234 1,
571 3165 615 3224 31.
686 3197 722 3211 -
742 3169 776 3224 'is
786 3177 848 3224 tum
860 3168 898 3223 ab
913 3166 1093 3244 Tarquinis]
1105 3165 1132 3219 is
1144 3171 1202 3218 tum

110 3277 147 3294 ·-
164 3265 261 3308 comas
279 3253 317 3308 r‘r's
335 3251 475 3310 adduas·
486 3251 556 3325 ΡΜ]
571 3271 622 3316 ao·¹
748 3253 782 3310 ab
800 3251 966 3332 Tarquiniis.
977 3283 1013 3295 -
1025 3249 1087 3307 Plll:
1099 3251 1126 3307 is
1136 3267 1202 3306 cum

165 3355 223 3392 mas
240 3336 284 3392 his
300 3336 415 3398 additus.
459 3393 461 3401 ,
750 3342 788 3397 ub
805 3341 963 3417 terquinis.

103 3423 148 3482 11.
165 3432 404 3500 contemptuque:
427 3423 450 3480 Ρ
471 3445 507 3484 m.
530 3425 557 3485 2.
581 3425 616 3485 Μ.
689 3429 731 3485 ts.
746 3447 801 3503 per
818 3428 960 3506 ambages
977 3421 1131 3504 effigiem:
1143 3419 1201 3481 ΡΜ.

165 3517 388 3586 somamtuqus:
404 3509 427 3567 P
444 3529 479 3570 m.
499 3514 524 3570 1.
687 3515 731 3571 Μ).
751 3515 826 3591 quo':
844 3511 906 3570 ΜΡ
918 3532 954 3571 m.
967 3499 1074 3587 aqut.-
1091 3509 1162 3594 le.
1175 3513 1201 3568 1.

104 3599 147 3658 ts.
166 3599 218 3656 ubi
233 3599 265 3654 in
283 3598 363 3653 iures
386 3594 416 3654 P.
438 3597 486 3652 ubi
503 3599 616 3655 iniuria:
688 3629 720 3642 ·-
746 3607 907 3677 postquam
934 3607 1053 3656 uantum
1080 3606 1142 3654 est:
1169 3595 1201 3654 P.

92 3680 96 3691 ¹
165 3683 214 3741 sed
233 3686 245 3740 i
261 3684 289 3740 iu
307 3685 355 3740 rs'u
371 3703 408 3743 m.
426 3685 452 3741 2.
470 3685 499 3740 in
516 3703 569 3742 ras.
747 3693 908 3762 postquam
926 3695 1060 3744 uentum:
1078 3683 1113 3742 Μ.

104 3771 148 3828 11.
163 3770 312 3846 praecluus
329 3769 355 3828 P
376 3789 412 3831 m.
434 3772 460 3829 2.
483 3769 517 3828 Μ.
532 3789 618 3845 prue-
688 3773 732 3830 21.
751 3768 938 3830 sciscitandi.-
948 3771 977 3830 P.
986 3767 1200 3830 sissituudirlll.

166 3856 222 3914 da:
239 3856 261 3912 Ρ
278 3877 314 3916 m.
334 3861 359 3918 1.
687 3861 732 3917 23.
751 3857 804 3933 qui
812 3867 957 3918 uestrum.-
970 3857 1005 3917 Μ.
1018 3861 1073 3936 qui
1082 3846 1200 3915 u'rmel'.

102 3943 149 4004 15.
168 3943 227 4002 ille.
252 3941 297 4022 ᾖ.
315 3949 448 4004 om'mus:
466 3942 524 4004 ΡΜ.
686 3948 732 4004 at.
755 3946 935 4021 Tarquinius
952 3943 1066 4004 Sextus
1080 3941 1201 4018 quillu-

103 4031 148 4089 1⁶.
167 4034 331 4106 operiretur
347 4044 480 4110 temporo
497 4051 571 4089 suo:
589 4031 617 4091 Μ
749 4051 816 4089 mua
828 4033 948 4090 relictus
952 4031 1064 4103 fuerat
1076 4038 1108 4084 ut
1119 4021 1208 4105 tgna?

166 4115 240 4176 Harl.
262 4138 280 4176 ι.
302 4120 361 4181 cod.
378 4121 484 4192 Rham]
509 4119 616 4196 opperi-
749 4139 802 4177 rus
820 4127 875 4176 cat:
893 4117 942 4176 ΡΜ
959 4115 1073 4184 llsrl.1.]
1088 4111 1202 4188 Tarqui·

47 4231 51 4238 '
147 4221 178 4268 Τ.
191 4220 244 4268 Liui
257 4237 307 4283 pass
321 4223 340 4296 l.
931 4283 933 4291 Α
981 4204 1002 4268 6

1407 3581 1413 3628 l

1410 3629 1413 3692 1'

1409 3749 1412 3790 t

1402 3835 1411 3986 p*

1367 4085 1370 4092 .
1404 3995 1409 4106 l
