2860 4736
215 293 291 364 '150
691 299 800 363 trouu
821 299 855 362 ll.

131 545 136 564 .
226 469 418 548 subservire
440 467 570 538 iubeat‘·
588 466 621 532 in
643 473 815 532 exeuntem
836 487 855 530 e
878 463 963 530 ouria
985 460 1122 553 ἰπῳεῒιιε
1148 453 1257 536 lasura
1275 489 1324 535 es·
1412 489 1414 564 ξ

221 585 277 646 set
296 574 330 642 ui
350 581 564 664 peroportune
587 569 702 641 tribuni
725 567 810 635 diern
836 567 998 636 dixissent.
1035 568 1078 637 ibi
1104 567 1151 636 iro
1177 579 1228 636 est
1250 593 1325 661 sup

228 701 351 771 pressa:
370 699 407 746 se
428 675 565 744 iudicent
586 674 732 765 pieque,
753 696 789 740 se
811 671 977 740 doruiuum
997 672 1080 742 ritae
1095 672 1247 764 necisque
1268 675 1326 744 ini·

228 782 301 851 mici
327 781 446 852 facum
472 779 612 849 videbat.
649 775 858 868 eonoemtdn
884 776 986 866 primo
1008 776 1147 848 Marcius
1176 779 1328 849 audiebat

191 885 327 960 omines
348 884 542 957 tribuniniasr
563 883 683 954 ,auxili
709 905 777 952 non
803 895 928 973 poenae
953 881 1003 951 ius
1031 882 1141 952 detrun
1166 881 1213 954 illi
1234 895 1326 974 pote·

227 990 309 1073 stati,
329 990 495 1082 plebisque
509 1008 583 1061 non
603 999 729 1080 patrium
750 985 894 1056 tribruros
917 1007 998 1056 esse.
1021 987 1082 1054 sed
1096 987 1178 1056 adeo
1200 987 1326 1057 iriense

227 1103 295 1167 erat
313 1106 430 1172 coorta
447 1093 549 1185 plebs,
569 1104 607 1162 ut
626 1093 720 1163 unius
740 1115 846 1183 poena
868 1091 1105 1182 delrmgendum
1125 1102 1212 1160 esset
1232 1095 1326 1183 patri·

129 1257 133 1264 .
183 1233 187 1250 =
228 1195 299 1278 bns.
320 1200 501 1276 redierunt
522 1210 630 1268 taum
652 1197 784 1268 adversa
805 1195 921 1265 invidia
942 1196 1056 1287 usique
1077 1207 1153 1268 sunt
1173 1220 1238 1288 qua
1259 1199 1326 1268 suis
1415 1237 1416 1248 .

229 1302 364 1392 quisque
386 1326 450 1392 qua
472 1302 569 1382 totius
597 1301 714 1376 ordinis
741 1299 869 1370 viribus.
906 1324 953 1370 ac.
967 1301 1070 1390 primo
1098 1310 1252 1391 temptata
1274 1327 1326 1379 res

183 1423 217 1478 1⁰
229 1415 292 1489 est,
319 1403 346 1472 si
368 1406 525 1496 dispositis
547 1406 717 1476 clientibus
741 1405 947 1477 absterrendo
969 1403 1120 1494 ,siupdos
1142 1429 1161 1474 a
1183 1405 1327 1476 ooitioni-
1416 1423 1417 1432 ²

229 1508 289 1578 bus
311 1510 515 1601 conciliisque
535 1512 666 1580 dnioere
688 1533 758 1577 rem
778 1521 919 1601 possent
958 1509 1097 1578 universi
1119 1508 1233 1610 deiude
1253 1535 1327 1602 pro·

173 1625 179 1642 ⁸
229 1637 352 1694 cessere
368 1655 412 1668 -
427 1617 580 1708 quidquid
594 1626 663 1692 erat
674 1625 801 1706 patrum
813 1637 888 1684 reos
904 1615 1026 1684 diceres
1041 1653 1087 1668 -
1100 1614 1328 1707 precibusple

229 1720 304 1788 bem
326 1715 546 1814 exposcentes,
567 1742 668 1788 unum
688 1720 748 1790 sibi
769 1720 873 1788 nivern
894 1743 997 1790 riuum
1016 1729 1213 1804 senatorem,
1234 1721 1263 1788 si
1281 1721 1328 1792 in-
1412 1723 1418 1746 ⁴

229 1837 401 1897 nocentem
423 1826 589 1897 absolvere
604 1824 736 1906 nollent,
757 1845 817 1914 pro
827 1835 968 1900 nocente
979 1823 1149 1895 donarent.
1169 1823 1237 1913 ipse
1252 1849 1328 1894 eum

184 1944 217 2002 15
230 1929 280 1998 die
304 1931 385 1998 dicta
406 1954 473 1998 non
498 1929 640 2010 adesset,
667 1940 905 2018 perseveratum
930 1929 965 1996 in
990 1928 1037 1996 ira
1065 1939 1124 1996 est.
1162 1930 1328 2000 brunonis

230 2033 344 2104 absens
365 2033 397 2100 in
419 2033 558 2123 Vrdsoos
580 2031 758 2103 errrloturu'
772 2032 848 2104 abiit
867 2032 1015 2104 minans
1036 2033 1157 2124 patriae
1183 2034 1328 2107 hostiles.

248 2189 274 2285 Μ.
292 2205 466 2300 suppresso:
490 2185 577 2290 tt}
601 2222 623 2278 P
646 2243 682 2281 m.
704 2226 744 2282 1.:
777 2185 789 2220 x
875 2224 993 2305 genitivo
1020 2232 1048 2282 et
1069 2199 1164 2302 potiri
1188 2205 1215 2284 et
1244 2228 1327 2288 multa

291 2328 424 2387 supresse.
443 2331 479 2367 rn.
491 2311 530 2368 n:
543 2329 695 2388 suppresse.
708 2340 744 2354 -
876 2309 927 2370 alia
947 2321 1003 2368 tum
1020 2309 1101 2370 verba
1121 2321 1176 2370 turn
1197 2313 1327 2374 adieetiva

247 2392 250 2400 ’
291 2395 327 2452 P:
345 2389 572 2474 peroportunae.'¹'
760 2393 764 2408 '
860 2400 1018 2456 'semuncta
1037 2409 1106 2460 sunt.
1170 2399 1175 2409 ’

248 2488 275 2546 b.
292 2504 353 2542 oon
367 2503 483 2560 poenae
507 2486 554 2550 ins
572 2485 690 2545 dotum:
711 2483 743 2544 P.
830 2489 857 2548 8.
874 2509 937 2567 quo
950 2490 1014 2552 suis
1027 2490 1226 2567 pudorisque
1236 2493 1327 2551 totius

292 2592 346 2628 non
356 2592 443 2646 poena
455 2577 484 2628 ei
496 2571 646 2646 dalani?-
654 2591 742 2650 poena
874 2576 989 2638 ordinis
1021 2576 1151 2635 uiribus.-
1181 2576 1242 2635 Pll:
1274 2581 1326 2635 nisi

293 2660 351 2716 eins
362 2679 510 2737 :poenae
526 2662 597 2736 ius):
616 2658 651 2727 Μ.
874 2663 949 2740 qaod
966 2663 996 2718 in
1013 2659 1040 2720 Μ
1062 2665 1125 2738 quo
1141 2667 1231 2722 totins
1246 2685 1282 2722 rn.
1302 2668 1326 2724 2.

249 2749 273 2808 7.
293 2741 487 2823 uniuspoeno
502 2747 743 2826 defungendum.-
874 2751 1005 2826 scriptum
1023 2758 1072 2809 ess.
1137 2797 1139 2807 .

292 2832 316 2889 P
333 2854 367 2892 nr.
386 2837 425 2902 2.,
450 2856 509 2892 oum
527 2855 563 2894 m.
583 2837 608 2893 1.
628 2853 745 2911 poenae
832 2837 858 2892 9.
875 2843 1018 2910 temptata
1035 2855 1102 2892 res.-
1125 2836 1156 2895 P.
1179 2846 1326 2916 temperata

293 2918 381 2979 luerit.
412 2920 486 2981 idem
499 2941 594 2997 poene
614 2922 745 2998 scripturn
876 2941 933 2981 resa
957 2919 993 2980 Μ.
1018 2951 1054 2964 -
1079 2922 1120 2980 Μ.
1148 2924 1326 2984 substernendo

233 3023 239 3075 ¹,
286 3014 340 3066 ,est
359 3007 388 3060 in
404 3006 446 3077 Μ,
465 3027 560 3081 penae
583 3009 612 3064 in
634 3005 709 3065 Harl.
726 3025 743 3065 1.
840 3037 856 3070 a.
876 3007 1327 3091 singulosacoitionibusooosilisq.

291 3090 354 3148 Nisi
370 3091 425 3146 hoc
441 3091 501 3148 loco
511 3112 607 3167 poeno
618 3111 745 3168 sequere·
876 3095 1020 3161 dissicere:
1038 3098 1087 3157 sed
1105 3101 1158 3158 ianr
1177 3121 1211 3160 ur.
1232 3107 1257 3160 1.
1273 3111 1326 3158 ter·

257 3229 259 3237 .
293 3186 448 3238 turronem
465 3179 646 3252 unius„‚quo
665 3179 744 3236 etiam
776 3217 781 3226 ·
875 3186 942 3242 tium
961 3185 1176 3266 iinconsilisq.
1195 3188 1327 3247 adisrtunr

291 3264 403 3324 alteram
413 3285 507 3340 ¹voosrn
525 3263 669 3332 alibrariis
681 3285 744 3343 pro·
877 3281 925 3332 est.
940 3302 977 3326 .-
996 3271 1033 3328 P:
1053 3271 1191 3334 dissicere.

291 3362 352 3430 pter
361 3354 480 3430 priorem
491 3355 635 3430 genitivum
652 3355 681 3415 ia
699 3373 744 3408 eo·
816 3360 857 3436 11,
876 3361 1010 3418 uniuersi
1030 3360 1153 3420 node.-
1175 3361 1224 3422 ΡΜ
1235 3365 1254 3435 ]·
1270 3365 1327 3419 uni-

119 3513 123 3522 ι
293 3437 354 3498 dem
372 3460 435 3500 casu
452 3443 568 3519 positam
586 3440 745 3501 verisimile
876 3450 949 3504 versi
967 3447 1038 3508 deiu.
1050 3448 1137 3507 -llls
1155 3450 1331 3527 processerel

176 3545 179 3550 ·
292 3526 436 3602 rideretur,
454 3549 486 3586 ac
502 3531 527 3584 si
544 3538 571 3584 et
586 3528 658 3606 apud
675 3527 743 3590 alios
877 3535 952 3609 quid
965 3544 1025 3592 erat
1036 3545 1150 3613 patrum.
1163 3567 1197 3580 ·-
1210 3537 1252 3594 ill:
1270 3542 1328 3617 pci-

291 3615 437 3688 scriptores
448 3616 477 3670 in
487 3616 564 3672 bonis
572 3614 649 3672 libris
662 3635 743 3672 manu
826 3660 829 3670 .
876 3619 936 3680 bus.
953 3654 987 3664 -
1009 3621 1036 3678 Μ
1055 3643 1090 3678 m.
1111 3623 1152 3681 1.:
1177 3622 1328 3685 dornaront.

291 3701 399 3775 seriptis
408 3698 521 3755 similem
530 3704 742 3775 genitivumeuur
857 3725 911 3768 ,aa
930 3710 972 3766 Μ..
989 3706 1128 3765 donarent.
1251 3749 1256 3761 ,

288 3784 370 3840 verbo
389 3783 545 3862 fungendi
570 3792 742 3848 coniunctum
814 3793 856 3850 16.
875 3795 906 3850 in
919 3793 1048 3850 Volscos
1066 3793 1235 3864 exalatum.-
1253 3797 1327 3873 ΡΜ]

293 3868 427 3944 legissem,
445 3870 498 3928 hoo
515 3872 574 3930 loeo
592 3878 739 3951 genitivum
876 3880 905 3948 in
924 3876 1036 3937 Volscos
1047 3878 1210 3952 ,mularum
1245 3901 1247 3903 ·

288 3975 403 4032 poenos
427 3959 566 4016 restituere
588 3981 642 4018 non
666 3962 742 4018 dubi·
824 3997 858 4016 η·
877 3964 1115 4023 obiitsnioitons:
1134 3967 1163 4030 P.
1176 3971 1264 4034 habiit
1277 3975 1326 4030 mi.

289 4052 381 4102 tarem.
411 4043 451 4100 sie
478 4048 549 4104 euim
577 4067 631 4104 non
660 4048 741 4104 modo
875 4053 1013 4122 nistrausa
1029 4051 1055 4112 Μ
1073 4073 1108 4114 nr.
1128 4059 1199 4118 1.-
1219 4060 1255 4118 P:
1273 4061 1326 4118 iam

292 4149 352 4187 cum
372 4129 488 4188 ablativo
512 4131 560 4190 sed
582 4135 740 4191 etiamnum
872 4147 929 4198 sum
947 4145 996 4220 sps
1014 4159 1117 4218 gerens.
1185 4163 1189 4171 ·
1235 4213 1238 4220 Ι

870 4371 994 4409 Ι..
