2812 4724
515 314 686 397 insert.
937 281 960 330 ³
1038 382 1042 390 ,
1094 319 1191 390 413·

42 514 125 572 est.
164 503 227 572 bae
247 527 311 596 qna
333 525 386 572 me
408 521 628 595 praegressum
649 419 796 582 videritis,
817 496 899 588 agite
920 497 975 604 qui
989 497 1083 567 visuri
1106 497 1160 567 do-

42 632 138 675 mos
161 621 309 700 parentes
337 607 487 698 coniuges
514 605 631 674 liberos
659 604 734 672 estis
761 602 804 671 ite
832 626 969 672 meeum.
1006 627 1072 673 non
1092 627 1161 672 mu·
1265 659 1275 685 ,

39 736 116 780 rus
145 737 207 782 nee
228 715 349 783 vellum
375 713 433 789 sed
461 710 572 782 annati
601 708 729 780 annatis
756 708 893 777 obstant.
927 707 1042 776 virtute
1068 729 1161 800 peres

42 819 264 902 necessitate,
286 840 369 908 quae
390 814 539 906 ultimum
560 837 598 882 ae
619 813 795 880 maximum
816 813 930 881 telum
939 823 1002 895 est,
1024 812 1173 903 superio-¹

44 947 113 1012 res
138 923 253 991 estis!“
275 921 356 989 haec
376 921 521 990 locutum
544 925 838 1010 exsequentemque
853 917 936 986 dieta
953 917 1199 1008 redintegratos
1253 965 1254 970 .

49 1027 208 1094 elamore
230 1024 330 1093 secuti
352 1025 428 1093 dant
448 1025 679 1116 inpressionem
701 1047 764 1114 qua
786 1023 967 1090 Postumius
988 1019 1090 1088 Albus
1112 1045 1163 1092 eo.-

51 1130 175 1198 hortes
196 1129 372 1214 obiecerat,
395 1142 427 1198 et
447 1140 617 1198 moverunt
637 1128 805 1212 victorem,
831 1126 935 1196 donec
957 1127 1090 1207 dictator
1111 1149 1164 1216 pe·
1186 1193 1216 1215 ,Ι

56 1234 143 1302 dem
169 1233 233 1302 iam
260 1235 468 1313 referentibus
496 1234 560 1322 suis
593 1231 721 1302 advenit
748 1255 853 1323 eoque
886 1254 982 1300 omne
1009 1230 1166 1323 proelium

56 1361 198 1408 versum
230 1351 289 1408 est.
332 1328 387 1408 uni
419 1339 488 1409 viro
521 1336 640 1406 Messio
677 1336 804 1405 fortuma
839 1335 982 1406 hostium
1017 1336 1165 1405 innititur.

6 1453 9 1464 '
59 1443 170 1513 multa
190 1444 351 1538 utrimque
372 1441 519 1529 vulnera,
545 1443 646 1511 multa
667 1441 787 1532 passim
808 1443 922 1510 caedes
944 1452 1002 1513 est.
1027 1437 1104 1509 'iam
1125 1464 1167 1508 ne
1180 1443 1215 1501 1⁰

61 1550 168 1617 duces
195 1549 325 1640 quidem
344 1548 482 1616 Romani
507 1545 663 1614 incruenti
688 1554 840 1634 pugnant
875 1568 959 1612 unus
984 1545 1167 1615 Postumius

64 1651 152 1721 ietus
179 1676 258 1722 saxo
286 1652 443 1743 perfracto
472 1651 574 1741 eapite
603 1647 671 1716 aeie
705 1647 852 1716 excessit.
889 1671 954 1717 non
982 1649 1168 1717 dictatorem

64 1756 223 1825 humerus
244 1755 441 1840 munerans,
470 1779 539 1837 non
559 1752 694 1820 Fabium
721 1775 823 1843 prope
851 1751 992 1820 adfixum
1019 1751 1169 1843 equote

66 1885 153 1943 mur,
175 1883 241 1929 non
262 1859 427 1929 brachium
442 1858 601 1929 abscisum
616 1856 782 1926 consulem
802 1880 844 1925 ex
858 1867 926 1926 tam
941 1856 1067 1948 ancipiti
1081 1879 1171 1951 pros

67 1965 114 2052 lio
140 1965 324 2036 summovit.

160 2069 280 2139 XXIX.
324 2072 478 2140 Messium
493 2071 633 2162 impetus
647 2093 706 2161 per
721 2080 836 2138 stratos
859 2069 956 2140 erede
972 2068 1082 2138 hostes
1097 2091 1172 2135 enm

71 2171 171 2264 giobo
198 2174 443 2262 fortissimomm
469 2177 621 2245 iuvenum
647 2175 760 2243 extulit
787 2177 827 2243 ad
856 2187 956 2245 eastra
978 2175 1173 2244 vulscorum

73 2301 159 2368 quae
180 2282 324 2349 nondum
351 2292 443 2374 capta
472 2290 571 2349 erant.
610 2280 725 2366 eodem
753 2282 856 2350 onntis
883 2281 967 2349 acies
997 2278 1173 2350 inclinatur.

75 2382 190 2450 consul
212 2385 330 2452 effusos
351 2385 517 2476 usquead
539 2383 865 2477 vullumperseentus
891 2385 960 2477 ipsa
988 2396 1090 2454 castra
1111 2382 1175 2451 val·
1259 2381 1266 2392 '
1309 2471 1312 2482 Ι

74 2485 210 2575 lumque
231 2487 421 2579 adgreditur.
458 2488 574 2558 eodem
596 2498 629 2556 et
650 2489 785 2556 dictator
804 2490 866 2556 alia
885 2500 974 2581 parte
994 2489 1103 2580 copies
1124 2487 1224 2554 adio

78 2602 199 2658 movet.
242 2615 309 2660 non
335 2591 463 2682 segnior
495 2592 689 2682 oppugnatio
717 2603 767 2660 est
799 2617 897 2684 quarn
927 2616 1034 2684 pugna
1064 2592 1177 2659 fureret.

79 2694 245 2766 consulem
259 2695 392 2787 ,signum
414 2719 545 2790 quoque
567 2695 648 2763 intra
668 2695 789 2764 vellum
816 2697 960 2766 iniecisse
984 2697 1091 2765 ferunt
1112 2717 1177 2786 quo

101 2888 126 2947 1.
143 2890 200 2947 boc
226 2913 288 2972 pua
313 2913 361 2952 me
375 2883 596 2976 xpreregressum

56 2977 65 2988 “
144 2977 298 3041 uideritia:
291 2981 364 3042 ·ΡΜ
382 2981 442 3044 eod.
460 2981 548 3043 liban.
560 3013 596 3025 -

145 3064 176 3121 ln
193 3065 268 3129 Harl.
285 3089 304 3129 1.
324 3070 357 3130 ol.
375 3069 475 3127 excidit
492 3089 547 3130 nse.
561 3099 595 3112 -

146 3149 227 3214 Reee.
244 3155 337 3216 codd:
355 3177 535 3236 progressum.

98 3267 131 3278 -
150 3241 204 3318 qui
219 3243 317 3296 uisuri
339 3244 444 3301 domos
458 3251 601 3322 parentes

148 3325 290 3404 coniuges
307 3327 415 3386 liberos
430 3333 518 3387 estiss
535 3328 600 3387 Pbi:

149 3411 204 3468 nisi
222 3412 294 3490 quod
311 3414 341 3470 in
358 3411 538 3498 illiteratos
549 3435 600 3494 pro

116 3521 119 3533 ¹
149 3498 259 3556 liberos
277 3508 326 3559 est.
339 3530 373 3542 -
391 3501 418 3560 Μ
435 3523 470 3561 m.
490 3507 528 3564 1.:
546 3521 601 3560 non

151 3587 302 3669 murispee
314 3586 420 3650 nullam.
430 3608 474 3650 ua.
487 3579 528 3650 22:
546 3609 601 3646 non

151 3673 230 3731 mari.

22 3821 27 3828 ¹
110 3759 134 3817 ³.
152 3759 459 3820 aedormotr'armato'a
469 3764 603 3821 obstant:

152 3842 209 3904 ΡΜ.
233 3877 267 3889 -
288 3845 604 3920 Herl.1.:„sedannr·

153 3933 189 3988 tis
214 3935 310 3992 armati
338 3936 485 3995 ohanne‘·
515 3938 605 3994 minue

154 4025 215 4097 apte
231 4021 452 4099 praecedentibus
470 4025 571 4083 verbis.

112 4107 137 4167 1.
154 4109 323 4184 superiores
352 4113 441 4170 estio:
476 4107 536 4174 ΡΜ.
570 4139 605 4158 ·-

154 4189 231 4255 Lete.
247 4212 265 4256 ι.
282 4192 330 4255 aba
348 4175 510 4276 superiores.

683 2897 710 2954 8.
728 2915 823 2974 eoque
841 2897 932 2954 omn?
947 2895 1095 2973 proelium
1115 2910 1179 2952 uer·

729 3003 796 3040 aum
814 2992 874 3040 est:
891 2981 928 3044 Μ.

683 3086 711 3146 9.
730 3088 783 3143 uni
811 3087 877 3160 uiro
906 3087 1032 3146 messio.-
1058 3061 1115 3142 ΡΜ.
1145 3111 1180 3134 -ι

672 3171 803 3233 Harl.
822 3193 840 3235 ι.
858 3175 908 3236 ab:
926 3175 974 3234 nni
991 3191 1056 3232 uero
1074 3169 1181 3230 messio.
1249 3205 1250 3208 =

731 3290 767 3306 -
783 3261 824 3318 Μι
843 3261 952 3322 innitur.

671 3355 1184 3442 1o.mauautrtmquauulura.·1³.
1241 3401 1243 3410 ,

734 3448 829 3510 -Μ·
847 3449 929 3508 multa
947 3454 1036 3526 utroq.
1054 3430 1173 3508 uolnere

673 3553 716 3612 11.
734 3555 811 3612 ictus
828 3573 926 3610 saxo.-
919 3550 1044 3612 ·.bieod
1056 3548 1141 3610 Rhea.
1152 3578 1186 3598 -

734 3639 758 3697 P
774 3638 849 3700 Harl.
867 3659 885 3702 r.
903 3637 980 3699 Leid.
996 3657 1030 3698 r.:
1054 3639 1186 3696 ietusrxo.

736 3755 773 3771 ·-
789 3725 853 3784 ΡΜι
872 3745 927 3786 non
941 3727 1099 3785 dictatorern
1113 3742 1186 3782 unte·

736 3833 792 3874 rue.
821 3844 856 3857 -
892 3814 933 3874 M:
963 3812 1116 3872 brachium
1137 3810 1187 3868 ab·
1260 3871 1263 3888 .

737 3903 856 3964 ecs'sum.
864 3901 901 3962 Ρ·
911 3899 1051 3958 breobinm
1060 3899 1188 3956 obrisum

677 4005 720 4064 1⁶
734 4024 791 4081 per
815 4013 928 4063 stratae
955 4003 1048 4066 coede
1073 4000 1190 4058 hostem

739 4091 801 4151 ΡΜτ
819 4093 873 4149 nisi
879 4089 965 4196 quod
982 4087 1068 4146 intt.
1087 4095 1167 4148 ostes.

676 4197 722 4258 17.
740 4158 935 4256 Volscorum:
947 4189 1011 4274 ΡΜ]
1024 4188 1191 4252 venereo,

1186 1966 1229 2032 15,
1340 1917 1343 1930 Ι
