2832 4720
9 571 13 633 l

553 347 662 408 curn
680 348 725 409 1n.
939 307 942 316 ’
1128 335 1193 402 060

89 513 252 606 ccmviros
274 513 434 602 quemad
456 510 588 578 modum
611 511 651 576 ab
665 511 799 601 'regibus
821 523 894 578 ante
916 513 956 578 ad
976 511 1123 580 eonsules
1140 536 1192 581 ve·

89 621 185 684 :ierat
211 618 363 684 translato
391 614 535 706 imperio.
572 615 677 682 minus
705 615 833 707 insignis
856 615 929 706 quia
955 639 1020 682 non
1047 611 1192 686 diutuina
1315 659 1321 682 t

9 715 11 810 f
88 717 237 790 mutatio
255 722 323 788 uit.
338 715 342 740 “
359 722 443 788 laeta
471 720 555 788 enim
579 721 733 811 ‘principia
766 720 967 810 magistratus
997 720 1065 787 eius
1097 723 1191 796 nimis
1285 797 1289 809 .

8 915 9 920 ἵ
87 827 341 894 luxuriaverunt.
362 849 417 892 -eo
439 825 531 892 eitius
552 825 642 917 lapsa
663 849 715 893 res
738 837 787 893 est
808 825 1042 916 repetitumque
1067 826 1192 894 :luobus

14 959 43 983 ··
87 932 139 999 uti
172 911 375 997 mandaietur
402 929 570 996 consulum
597 953 716 997 nomen
742 929 985 1020 imperiumque.
1023 930 1222 1000 decemviris
1255 951 1262 959 ·

87 1034 333 1125 eleatirlppius
356 1033 507 1102 Claudius
529 1033 569 1101 Ῥ.
592 1034 752 1102 Genucius
774 1033 810 1102 P.
833 1033 955 1102 Sestius
983 1032 1020 1102 L.
1043 1034 1193 1102 Veturius

17 1167 21 1175 ·
89 1139 131 1206 C.
155 1139 252 1206 Iulius
280 1137 318 1206 A.
348 1139 486 1206 Manlius
513 1139 549 1208 P.
572 1140 732 1230 Sulpicius
757 1141 793 1208 P.
822 1137 979 1206 Curiatius
1007 1139 1047 1206 Τ.
1075 1139 1193 1207 Romu·

7 1261 9 1268 ‘
88 1245 154 1311 lius
177 1244 234 1334 Sp.
249 1244 442 1313 Postumius.
476 1245 610 1312 Claudio
633 1257 666 1312 et
682 1245 824 1313 Genucio
841 1244 921 1335 'quia
944 1244 1098 1334 designati
1120 1237 1192 1311 con-

89 1347 179 1416 sules
201 1349 233 1413 in
255 1371 331 1415 eum
353 1371 471 1434 annum
491 1344 627 1434 lucrant,
649 1374 708 1441 pro
728 1349 851 1417 honore
866 1348 971 1417 honos
986 1348 1136 1430 redditus,
1160 1359 1192 1415 et

89 1453 198 1520 Sestio
221 1452 311 1532 alteri
332 1453 501 1520 consulum
522 1453 634 1546 prioris
663 1455 737 1520 anni
764 1455 852 1544 quod
881 1479 954 1520 earn
974 1477 1044 1521 rem
1071 1453 1193 1544 collega
1206 1462 1241 1519 10

89 1558 190 1625 invito
214 1559 255 1623 ad
277 1569 382 1648 patres
404 1559 564 1625 retulerat.
587 1557 636 1624 his
659 1556 796 1648 proximi
817 1557 916 1624 habiti
937 1558 1031 1648 legati
1051 1569 1116 1626 tres
1140 1559 1194 1649 qui
1219 1619 1224 1636 ,

6 1677 9 1684 ’
32 1669 52 1696 '
90 1661 235 1730 Athenas
257 1662 367 1743 ierant,
389 1661 484 1726 simul
506 1673 542 1728 ut
563 1685 622 1751 pro
644 1660 801 1750 legatione
823 1671 890 1726 tam
911 1660 1083 1750 longinqua
1106 1685 1193 1750 prae-

90 1764 159 1832 mio
182 1775 269 1832 esset.
289 1764 403 1847 honos,
425 1764 520 1830 simul
541 1766 660 1856 peritos
682 1765 790 1853 legum
804 1764 1040 1854 peregrinamm
1056 1761 1097 1829 ad
1120 1789 1193 1831 con-

92 1871 197 1937 denda
219 1893 304 1936 nova
326 1869 394 1934 iura
416 1869 487 1936 usui
508 1869 578 1937 fore
600 1869 781 1936 eredebant.
806 1868 995 1959 supplevere
1019 1868 1115 1936 ceteri
1137 1892 1193 1934 nu·

91 1997 230 2041 merum.
267 1998 378 2063 graves
401 1997 531 2064 quoque
555 1985 658 2064 aetate
686 1971 807 2040 electos
834 1972 1013 2040 novissimis
1039 1973 1192 2063 suffragiis
1206 1983 1239 2037 to

91 2079 200 2147 femnt
222 2104 288 2170 quo
310 2078 415 2144 minus
437 2077 585 2146 ferociter
606 2076 847 2145 aliorumscitis
869 2078 1118 2144 adversarentur.
1146 2102 1193 2144 re-

92 2203 210 2273 gumen
231 2183 329 2250 totius
351 2182 551 2272 magistratus
574 2206 673 2274 penes
691 2181 833 2272 Appium
855 2193 923 2248 erat
945 2182 1053 2248 favore
1075 2183 1192 2272 plebis:

93 2288 239 2377 adeoque
260 2311 381 2355 novum
403 2287 463 2354 sibi
484 2288 644 2379 ingenium
665 2287 810 2355 induerat
831 2297 868 2352 ut
881 2285 1039 2382 plebicola
1061 2296 1192 2377 repente

94 2393 261 2481 omnisque
284 2415 379 2456 aurae
400 2391 563 2481 popularis
592 2401 736 2483 captator
762 2392 913 2458 evaderet
938 2416 997 2481 pro
1024 2392 1105 2458 truci
1127 2413 1193 2456 sac-

22 2509 26 2529 ¹
94 2517 202 2584 noque
223 2493 412 2561 insectatore
427 2495 540 2585 plebis.
567 2497 704 2562 decumo
727 2495 777 2562 dic
794 2494 843 2561 ius
860 2495 982 2585 populo
998 2495 1111 2585 singuli
1125 2495 1192 2561 red·
1205 2503 1240 2558 00

112 2715 138 2773 t.
156 2713 400 2771 luxui-iuuerunt:
418 2711 488 2772 Pm.
506 2711 609 2784 1.]1u·
680 2715 723 2774 16.
741 2731 897 2794 regumn:
920 2712 999 2773 Mur.
1022 2715 1047 2772 1.
1065 2711 1106 2785 Ρ]
1124 2712 1193 2787 regi·
1221 2707 1252 2792 '-

156 2803 296 2858 xuriavcre
315 2800 352 2874 (P
370 2821 405 2860 m.
423 2803 449 2860 Ρ.
466 2799 519 2870 Μ).
739 2820 801 2858 men
820 2799 863 2872 (Μ
881 2819 917 2860 ιη,
936 2803 986 2870 0,),

4 2943 8 2948 .
112 2890 138 2946 6.
156 2890 311 2946 consulum
328 2909 434 2946 nomen
445 2888 609 2964 imperium·
679 2891 723 2948 17.
733 2887 851 2961 fauore
865 2882 969 2962 plebia
982 2917 1018 2930 -
1034 2885 1073 2942 tl:
1092 2905 1193 2960 pauore

157 2995 230 3055 quq:
248 2976 278 3036 P.
299 2975 381 3034 -lt12
401 2975 608 3033 oonsulibusno·
740 2974 822 3053 plebi.
851 2993 887 3034 m.
906 2978 945 3034 λε
966 2973 1064 3051 plebis.
1092 2971 1128 3030 P:
1146 2993 1193 3051 pa·

147 3083 215 3129 Jueu
233 3073 282 3123 cat.
612 3074 620 3082 '
740 3083 820 3120 uoco:
843 3062 936 3120 eadem
953 3081 989 3120 m.
1012 3059 1074 3118 dein
1092 3061 1106 3118 1
1126 3061 1192 3117 scri-

9 3147 12 3152 ’
113 3151 139 3207 6.
156 3148 191 3208 P.
208 3149 336 3210 Sestius.
360 3183 395 3194 -
421 3150 484 3208 Pll:
502 3159 529 3230 p.
546 3171 606 3208 sex·
737 3153 793 3229 psit
808 3169 889 3228 supra
904 3170 935 3225 p.

154 3238 218 3296 tius.
236 3237 270 3295 cl.
288 3237 403 3312 Dionys.
422 3241 465 3305 10,
483 3242 527 3296 56.
655 3240 722 3312 ,211
741 3239 862 3296 decumo
881 3237 931 3292 die
948 3237 996 3294 ius
1010 3233 1122 3312 populo
1140 3232 1193 3302 (P:

113 3325 139 3380 7.
156 3320 190 3378 P.
209 3321 360 3396 Sulpicius
382 3323 417 3381 P.
440 3325 607 3382 Curiatius.-
740 3323 852 3402 populi)
875 3323 989 3400 singuli
1014 3320 1193 3378 reddebant:

158 3405 225 3478 ΡΜ]
245 3407 304 3465 Ser.
322 3407 457 3482 Sulpicius
475 3420 526 3468 cet.
740 3407 809 3482 Pu]
829 3409 932 3466 decimo
946 3415 995 3465 cet.
1008 3437 1042 3448 -
1054 3404 1095 3462 tt:
1113 3404 1192 3462 decu·

107 3525 139 3538 -
160 3497 243 3552 Titus
252 3495 424 3551 Romulius:
434 3492 481 3550 ΡΜ
492 3494 565 3555 llarl.
574 3499 608 3568 1.]
715 3525 719 3533 ·
739 3495 814 3552 modi
829 3497 834 3565 Ι
850 3497 916 3552 etus.
928 3520 963 3536 —
975 3489 1034 3550 Plll:
1054 3486 1140 3548 fasces
1148 3511 1193 3551 ιιι.

156 3579 187 3640 Τ.
206 3579 348 3639 Romilius.
366 3609 401 3622 -·
419 3578 479 3638 Ptt:
501 3602 543 3660 sp.
560 3604 608 3658 po·
741 3581 763 3640 P
781 3601 817 3640 m.
835 3583 874 3640 l.:
891 3579 973 3638 laces.
990 3611 1025 3623 -
1048 3577 1109 3635 Plll:
1128 3599 1192 3636 coo·

156 3671 279 3728 stumius.
741 3667 816 3743 legis.
830 3697 865 3710 -
882 3666 916 3723 P:
935 3668 1124 3742 appellabunt
1140 3686 1192 3746 pro

115 3757 141 3813 9.
159 3765 189 3812 ct
204 3755 305 3814 Sestio
330 3755 421 3812 alten·
440 3757 608 3816 consulum:
740 3751 1192 3831 opponebant-Pllcoulihen.

158 3840 207 3897 ΡΜ
223 3843 297 3903 Harl.
314 3863 331 3901 1.
349 3841 426 3902 lrcid.
445 3862 463 3903 r.
740 3841 814 3900 Harl.
833 3861 865 3900 1.:
889 3851 917 3898 et
934 3843 962 3898 in
979 3843 1059 3898 unica
1081 3860 1191 3896 concor·

100 3925 140 3985 11.
159 3929 314 3986 retulerat:
332 3929 400 4002 ΡΜ]
418 3940 527 3988 1611-
544 3927 607 3988 PM:
742 3929 786 3986 dia
804 3931 874 3985 inter
891 3931 966 4006 ipsos
983 3930 1030 4004 qui
1045 3944 1191 4002 conspuens

157 4014 200 4071 his
217 4017 334 4092 proximi
350 4016 435 4074 habiti
456 4017 536 4093 legati
553 4026 608 4074 tros
739 4017 854 4094 priuatis
871 4015 1005 4090 interdum
1023 4011 1126 4070 inutilis
1144 4031 1191 4068 es·

157 4103 204 4180 qui
227 4100 337 4158 athenas
359 4105 453 4164 ierant.
481 4133 515 4144 -
545 4101 608 4160 PM:
740 4113 783 4160 set
799 4095 903 4160 summa
920 4100 1050 4158 aduersus
1062 4097 1130 4157 ulios
1148 4118 1190 4156 oe·
1271 4147 1275 4152 .

156 4189 276 4266 praemio
292 4200 364 4248 osset
380 4191 474 4251 honos.
738 4192 828 4272 quitos
845 4197 909 4262 erar„
