2832 4720
366 207 383 239 ρ

196 281 261 348 sos
357 307 392 327 ι·
436 363 441 381 x
672 285 781 346 anna
797 285 843 346 n.

197 455 339 525 cordiam
367 477 419 522 res
448 461 617 544 nequeant.
654 451 704 518 via
733 449 932 518 Nomentana
961 483 1004 500 -·
1032 448 1082 516 cui
1109 459 1179 516 tum
1211 446 1330 516 Ficu—

197 562 277 629 lensi
305 583 423 630 nomen
449 559 573 626 luit-
600 555 734 646 proiecti
762 565 864 622 castra
892 555 926 622 in
951 565 1061 622 monte
1083 554 1184 621 Sucro
1215 553 1326 620 loca-

198 689 282 749 vere,
321 664 510 732 modestiam
533 673 656 754 patrum
677 683 809 726 suomm
830 658 908 726 nihil
924 659 1071 727 violando
1092 657 1217 732 imitati.
1261 679 1322 724 se-

198 781 271 838 cuta
295 769 470 838 exercitum
492 767 584 858 plebs
607 765 696 832 nullo
726 764 780 855 qui
807 787 866 856 per
887 774 1024 832 aetatem
1045 765 1090 832 ire
1115 775 1234 856 posset
1262 785 1320 830 re-

168 885 363 944 tractante.
400 882 608 964 prosecuntur
628 869 779 959 coniuges
799 869 981 958 liberique,'
1000 867 1127 936 cuinam
1147 891 1183 934 se
1207 868 1317 934 relin-

198 990 333 1068 querent
353 979 386 1044 in
408 1003 446 1046 ea
468 977 546 1044 urbe
567 976 599 1041 in
620 997 683 1064 qua
705 997 765 1042 uec
786 973 938 1064 pudicitia
960 997 1021 1042 nec
1036 971 1165 1044 libertas
1186 983 1325 1040 sancta·

198 1096 292 1166 esset,
313 1082 534 1150 miserabiliter
553 1076 733 1168 rogitantes.
771 1078 854 1146 Cum
875 1088 965 1146 vasta
979 1077 1102 1145 Romae
1122 1076 1235 1146 onmia
1260 1078 1313 1144 in-
1391 1127 1392 1138 ,

197 1199 288 1254 sueta
303 1186 442 1258 solibado
457 1186 589 1266 lecisset,
610 1183 642 1249 in
657 1182 729 1251 loro
744 1194 871 1276 practer
886 1205 1007 1274 paucos
1021 1181 1184 1250 seniorum
1198 1205 1310 1249 nemo

198 1303 297 1373 esset,
331 1289 451 1377 vooatis
479 1289 587 1379 utique
616 1287 648 1352 in
676 1299 820 1362 senatum
849 1287 991 1378 patribus
1017 1287 1179 1356 desertum
1202 1311 1307 1376 appa-

98 1419 101 1429 ’
151 1397 310 1462 torsisset
332 1395 453 1490 forum,
487 1393 593 1485 plures
612 1391 677 1460 iam
705 1415 803 1483 quam
826 1391 954 1460 Oretius
983 1415 1021 1460 ac
1043 1391 1191 1463 Valerius
1210 1393 1306 1460 voci·

256 1617 316 1671 sine
338 1623 391 1676 cst.
412 1619 464 1688 (ex
483 1614 606 1673 eiusdem
622 1611 709 1672 llben.
797 1615 824 1674 ὅ.
830 1609 1118 1690 ρνοειουηίιινεΡΜ]
1127 1631 1303 1692 prosequun-

256 1705 353 1776 coni.).
381 1703 477 1762 Dmkn
499 1706 615 1762 scituros
635 1700 710 1778 qaod
842 1713 895 1762 tur.

131 1783 136 1834 «¹
253 1794 313 1850 siue
331 1801 381 1852 cet.
405 1821 438 1834 -
466 1791 515 1848 Ptt
540 1790 601 1848 coel.
622 1789 709 1848 Rben.
781 1791 823 1850 10.
839 1791 942 1866 plures
960 1791 1020 1846 ίαηι
1042 1807 1132 1865 quom
1148 1789 1301 1848 Horatius

256 1876 329 1938 llarl.
340 1899 356 1938 ι.
367 1878 436 1939 rell:
451 1881 635 1954 sciturosque
644 1876 709 1933 siue

257 1967 394 2020 restuuta
418 1972 565 2040 potestate
592 1973 643 2022 cet.
672 1991 708 2006 -·

257 2051 321 2123 Qus
339 2061 367 2106 ct
389 2055 452 2127 quei
475 2069 675 2128 nonnumquam
692 2071 708 2106 a

255 2135 372 2193 librariis
396 2141 425 2194 in
448 2139 535 2194 ricem
557 2147 708 2214 permutata

216 2269 220 2278 .
255 2238 328 2290 csse,
354 2243 414 2280 cum
438 2224 708 2291 altissimmus

254 2330 356 2386 ‚‚quam
382 2317 546 2388 postquam“
576 2310 709 2368 vidimus:

256 2412 306 2452 nec
330 2400 418 2456 minus
441 2419 522 2478 saepe
541 2398 707 2486 duorum'si·

254 2483 707 2544 miliumvcrborumslterumomis·

151 2564 161 2577 ’
253 2591 313 2628 sum
326 2584 443 2631 constat:
462 2575 495 2634 cl.
504 2573 536 2634 T.
544 2573 606 2631 Livi
618 2573 707 2633 lm.

254 2679 282 2735 p.
304 2679 377 2721 xxiv.
403 2681 430 2722 u.
457 2665 517 2731 (30,
540 2665 567 2721 9.
593 2663 622 2718 in
648 2660 707 2719 eut.

123 2791 125 2797 ,
248 2747 343 2807 Bamb.
378 2747 458 2809 Colb.
494 2751 621 2825 quisque
655 2768 706 2825 pro

252 2836 380 2910 quisquc
405 2840 510 2915 quoe).
539 2838 573 2895 cl.
591 2836 706 2910 Quintil.

251 2920 314 2977 inst.
336 2925 425 3004 onxll,
443 2925 469 2980 2.
493 2927 551 2981 80..·
573 2923 705 2990 „scirent

251 3025 330 3081 quam
348 3007 496 3063 eiusmodi
517 3010 648 3065 actionem
666 3008 704 3066 la·

252 3094 304 3148 turi
323 3113 377 3150 non
395 3092 541 3152 luissent“.
565 3125 600 3138 -
624 3094 703 3152 Haud

248 3181 305 3234 scio
332 3189 420 3237 tamen
443 3181 703 3250 annectendum,
738 3173 744 3184 '

142 3319 154 3330 ,
248 3267 273 3320 si
292 3265 397 3325 aLirio
415 3270 546 3345 scriptum
565 3285 705 3326 censeam:

135 3401 139 3406 .
250 3353 442 3433 „sciturosque
454 3358 507 3413 nisi
519 3358 641 3414 restituta
655 3378 702 3435 po·
741 3409 743 3414 .

248 3447 344 3497 testate
366 3444 452 3519 redigi
475 3447 503 3500 in
531 3444 702 3501 concordiam

184 3549 187 3559 ·
248 3544 292 3582 res
316 3532 451 3605 nequire“
477 3533 542 3603 [ib
575 3537 617 3590 3.:
656 3552 701 3588 ne-

151 3629 157 3657 ¹
247 3613 350 3686 quireJ.
393 3614 427 3674 cl.
445 3618 476 3684 3,
495 3621 551 3677 bl:
577 3620 702 3680 abnuere.

111 3719 113 3726 ’
246 3699 380 3775 nequi'uin
406 3704 457 3759 cel
485 3706 699 3780 ncq’uianomeu·

245 3793 305 3841 tana
324 3785 351 3847 b.
370 3807 393 3845 e.
406 3791 517 3866 nequire
528 3795 570 3848 uia
590 3813 700 3852 nomen-

245 3879 316 3928 tans.

203 3955 227 4012 1.
246 3953 405 4018 Ficulensi.
423 3961 458 4018 cl.
472 3966 495 4031 l,
508 3967 565 4025 ss:
583 3967 700 4027 Piculea.

245 4071 278 4082 ·-
296 4042 332 4100 P:
355 4032 487 4118 figulensi.
519 4049 555 4108 ll:
581 4056 699 4111 cultum
738 4023 744 4044 ⁴

243 4126 374 4202 figulensi.
384 4132 505 4209 figulensi
517 4138 522 4209 Ι
533 4157 629 4196 nomeu
638 4141 697 4201 luit.

841 1875 1300 1948 ocVoleriusuociferobantur]

841 1963 932 2041 plnres
950 1965 1004 2020 iam
1025 1983 1105 2041 quam
1123 1961 1252 2020 Horatius
1270 1973 1302 2020 et
1391 1979 1392 1986 ¹

841 2048 932 2110 Valer.
956 2060 1007 2109 cet.
1037 2081 1071 2092 -
1103 2048 1152 2108 ΡΜ
1177 2050 1253 2109 llsrl.
1278 2069 1298 2118 r,
1370 2129 1372 2136 Α

838 2135 917 2196 Leto.
934 2157 952 2196 r.
977 2137 1026 2197 al:
1048 2139 1214 2214 pluresque
1236 2141 1298 2194 iem

788 2241 791 2250 '
842 2244 933 2303 quom
957 2225 1104 2282 Horatius
1129 2225 1208 2296 ten:
1236 2245 1295 2282 ora·

840 2315 912 2383 tius)
932 2333 968 2370 ac
984 2313 1127 2374 Valerius
1146 2312 1294 2386 uocifera-

842 2403 958 2461 lruutur.
980 2432 1015 2446 -
1043 2399 1113 2458 Cum
1130 2401 1159 2456 in
1185 2403 1294 2478 optimis

840 2489 992 2568 quibusque
1022 2488 1101 2546 colel
1130 2487 1294 2565 pluresque
1353 2559 1356 2568 1

838 2581 995 2656 reperiatur,
1003 2579 1050 2634 vix
1059 2574 1234 2634 dubitandum
1243 2583 1292 2642 cst,

840 2668 906 2742 quin
933 2687 964 2722 ea
991 2686 1071 2743 qnam
1101 2683 1182 2743 supra
1211 2664 1293 2720 scribi

838 2754 982 2821 iussimus,
1005 2756 1092 2809 oratio
1115 2754 1216 2826 integra
1237 2771 1291 2808 non

839 2839 927 2899 luerit.
949 2839 1018 2896 duae
1030 2842 1113 2914 igitur
1129 2842 1245 2895 rationes
1257 2839 1289 2894 ad

839 2925 908 2984 banc
937 2925 1122 2984 difficultatem
1158 2925 1288 3005 explican-
1333 3003 1337 3012 ι

829 3013 899 3081 'dam
923 3015 987 3071 bairi
1009 3023 1138 3093 possunt:
1167 3035 1228 3070 narn
1244 3024 1288 3070 sut

836 3110 898 3156 ante
913 3103 1077 3178 pluresque
1101 3101 1202 3180 aliquid
1219 3103 1286 3158 cxci·

836 3187 878 3244 tit
906 3207 960 3264 quo
993 3190 1122 3268 epodosis
1147 3192 1286 3268 inceperit,

835 3284 882 3332 sut
892 3273 987 3334 Livius
999 3264 1088 3354 primo
1101 3281 1210 3356 scripsit
1223 3279 1285 3354 plu·
1370 3313 1374 3325 ·

835 3381 945 3438 resque
963 3367 1023 3422 inm
1042 3385 1132 3442 quum
1146 3359 1296 3422 Horatius-

836 3470 873 3504 cc
885 3450 1028 3509 Valerius
1044 3451 1283 3521 uociferarentur,

835 3536 864 3593 id
882 3538 956 3614 quod
973 3557 1007 3596 ex
1023 3537 1197 3615 sequentibus
1213 3537 1280 3594 roci-

834 3623 886 3681 bus
904 3666 922 3693 ‚‚
930 3646 990 3683 cum
1003 3625 1070 3682 lrsec
1082 3645 1115 3680 ex
1127 3625 1200 3680 omni
1210 3631 1281 3700 parte

835 3713 1020 3770 laetarentur“
1054 3710 1171 3788 quodam
1204 3710 1279 3768 molo

832 3801 889 3855 veri
901 3799 989 3855 simile
999 3799 1038 3858 lit.
1056 3797 1106 3854 secl
1118 3817 1179 3855 cum
1191 3798 1279 3854 dcinlc

809 3915 811 3922 ·
833 3885 971 3942 rideretur
982 3889 1219 3960 interrogationum
1230 3905 1277 3941 ma-

832 3971 876 4028 ior
902 3974 980 4049 copis
1007 3971 1076 4030 lactc
1103 3993 1177 4040 esse,
1200 3989 1275 4046 quam

832 4077 901 4132 quac
930 4059 967 4112 ita
998 4079 1079 4136 quem
1108 4060 1143 4114 aul
1174 4057 1273 4115 modum

830 4143 914 4200 scribi
944 4156 1069 4223 coeptum
1100 4156 1184 4215 esset,
1217 4142 1273 4201 lerri
