<?xml version="1.0" encoding="UTF-8"?>
<!DOCTYPE html PUBLIC "-//W3C//DTD XHTML 1.0 Transitional//EN"
    "http://www.w3.org/TR/xhtml1/DTD/xhtml1-transitional.dtd">
<html xmlns="http://www.w3.org/1999/xhtml" xml:lang="en" lang="en">
 <head>
  <title>
</title>
<meta http-equiv="Content-Type" content="text/html;charset=utf-8" />
  <meta name='ocr-system' content='tesseract 3.04.00' />
  <meta name='ocr-capabilities' content='ocr_page ocr_carea ocr_par ocr_line ocrx_word'/>
</head>
<body>
  <div class='ocr_page' id='page_1' title='image "./titilivirerumro02alscgoog_0619.png"; bbox 0 0 2750 4720; ppageno 0'>
   <div class='ocr_carea' id='block_1_1' title="bbox 247 299 872 376">
    <p class='ocr_par' dir='ltr' id='par_1_1' title="bbox 247 299 872 376">
     <span class='ocr_line' id='line_1_1' title="bbox 247 299 872 376; baseline -0.014 9"><span class='ocrx_word' id='word_1_1' title='bbox 247 299 312 368; x_wconf 81' lang='lat'><strong>⁶0⁶</strong></span> <span class='ocrx_word' id='word_1_2' title='bbox 446 327 451 338; x_wconf 88' lang='lat'><strong>·</strong></span> <span class='ocrx_word' id='word_1_3' title='bbox 715 311 872 376; x_wconf 76' lang='lat' dir='ltr'><strong>curav.</strong></span> 
     </span>
    </p>
   </div>
   <div class='ocr_carea' id='block_1_2' title="bbox 97 473 1319 3904">
    <p class='ocr_par' dir='ltr' id='par_1_2' title="bbox 248 473 1314 570">
     <span class='ocr_line' id='line_1_2' title="bbox 248 473 1314 570; baseline -0.003 -26"><span class='ocrx_word' id='word_1_4' title='bbox 248 497 330 568; x_wconf 83' lang='lat' dir='ltr'><strong>quae</strong></span> <span class='ocrx_word' id='word_1_5' title='bbox 352 495 411 544; x_wconf 86' lang='lat' dir='ltr'><strong>vos</strong></span> <span class='ocrx_word' id='word_1_6' title='bbox 426 473 565 562; x_wconf 75' lang='lat' dir='ltr'><strong>Quirites</strong></span> <span class='ocrx_word' id='word_1_7' title='bbox 584 497 671 544; x_wconf 88' lang='lat' dir='ltr'><strong>nunc</strong></span> <span class='ocrx_word' id='word_1_8' title='bbox 691 487 843 546; x_wconf 86' lang='lat' dir='ltr'><strong>moveant</strong></span> <span class='ocrx_word' id='word_1_9' title='bbox 861 476 974 570; x_wconf 84' lang='lat' dir='ltr'><strong>potius</strong></span> <span class='ocrx_word' id='word_1_10' title='bbox 998 473 1132 546; x_wconf 82' lang='lat' dir='ltr'><strong>caritate</strong></span> <span class='ocrx_word' id='word_1_11' title='bbox 1153 497 1206 543; x_wconf 87' lang='lat' dir='ltr'><strong>sua</strong></span> <span class='ocrx_word' id='word_1_12' title='bbox 1226 483 1257 542; x_wconf 93' lang='lat' dir='ltr'><strong>ut</strong></span> <span class='ocrx_word' id='word_1_13' title='bbox 1272 499 1314 540; x_wconf 79' lang='lat' dir='ltr'><strong>nr</strong></span> 
     </span>
    </p>

    <p class='ocr_par' dir='ltr' id='par_1_3' title="bbox 248 579 1315 676">
     <span class='ocr_line' id='line_1_3' title="bbox 248 579 1315 676; baseline -0.005 -26"><span class='ocrx_word' id='word_1_14' title='bbox 248 581 348 650; x_wconf 68' lang='lat' dir='ltr'><strong>nesus</strong></span> <span class='ocrx_word' id='word_1_15' title='bbox 370 581 500 650; x_wconf 86' lang='lat' dir='ltr'><strong>insede</strong></span> <span class='ocrx_word' id='word_1_16' title='bbox 522 591 636 666; x_wconf 82' lang='lat' dir='ltr'><strong>vestra,</strong></span> <span class='ocrx_word' id='word_1_17' title='bbox 661 603 759 672; x_wconf 83' lang='lat' dir='ltr'><strong>quam</strong></span> <span class='ocrx_word' id='word_1_18' title='bbox 780 593 893 676; x_wconf 66' lang='lat' dir='ltr'><strong>posue</strong></span> <span class='ocrx_word' id='word_1_19' title='bbox 915 606 995 650; x_wconf 91' lang='lat' dir='ltr'><strong>cum</strong></span> <span class='ocrx_word' id='word_1_20' title='bbox 1018 579 1205 672; x_wconf 84' lang='lat' dir='ltr'><strong>reliqueritis</strong></span> <span class='ocrx_word' id='word_1_21' title='bbox 1225 603 1256 646; x_wconf 81' lang='lat' dir='ltr'><strong>es</strong></span> <span class='ocrx_word' id='word_1_22' title='bbox 1273 603 1315 646; x_wconf 84' lang='lat' dir='ltr'><strong>na</strong></span> 
     </span>
    </p>

    <p class='ocr_par' dir='ltr' id='par_1_4' title="bbox 164 681 1316 777">
     <span class='ocr_line' id='line_1_4' title="bbox 164 681 1316 777; baseline -0.006 -22"><span class='ocrx_word' id='word_1_23' title='bbox 164 735 168 748; x_wconf 74' lang='lat'><strong>.</strong></span> <span class='ocrx_word' id='word_1_24' title='bbox 249 697 358 756; x_wconf 85' lang='lat' dir='ltr'><strong>cerent</strong></span> <span class='ocrx_word' id='word_1_25' title='bbox 380 683 546 754; x_wconf 83' lang='lat' dir='ltr'><strong>desiderio.</strong></span> <span class='ocrx_word' id='word_1_26' title='bbox 583 709 649 754; x_wconf 90' lang='lat' dir='ltr'><strong>non</strong></span> <span class='ocrx_word' id='word_1_27' title='bbox 670 685 738 754; x_wconf 87' lang='lat' dir='ltr'><strong>sinc</strong></span> <span class='ocrx_word' id='word_1_28' title='bbox 760 709 856 756; x_wconf 87' lang='lat' dir='ltr'><strong>causa</strong></span> <span class='ocrx_word' id='word_1_29' title='bbox 878 687 919 756; x_wconf 81' lang='lat' dir='ltr'><strong>dii</strong></span> <span class='ocrx_word' id='word_1_30' title='bbox 941 686 1165 777; x_wconf 73' lang='lat' dir='ltr'><strong>hominesque</strong></span> <span class='ocrx_word' id='word_1_31' title='bbox 1178 683 1253 752; x_wconf 89' lang='lat' dir='ltr'><strong>hunc</strong></span> <span class='ocrx_word' id='word_1_32' title='bbox 1269 681 1316 748; x_wconf 85' lang='lat' dir='ltr'><strong>urbi</strong></span> 
     </span>
    </p>

    <p class='ocr_par' dir='ltr' id='par_1_5' title="bbox 249 787 1316 882">
     <span class='ocr_line' id='line_1_5' title="bbox 249 787 1316 882; baseline -0.007 -22"><span class='ocrx_word' id='word_1_33' title='bbox 249 790 433 860; x_wconf 69' lang='lat' dir='ltr'><strong>condendae</strong></span> <span class='ocrx_word' id='word_1_34' title='bbox 447 789 556 860; x_wconf 90' lang='lat' dir='ltr'><strong>locum</strong></span> <span class='ocrx_word' id='word_1_35' title='bbox 570 787 740 882; x_wconf 74' lang='lat' dir='ltr'><strong>elegerunt,</strong></span> <span class='ocrx_word' id='word_1_36' title='bbox 755 791 983 862; x_wconf 87' lang='lat' dir='ltr'><strong>saluberrimos</strong></span> <span class='ocrx_word' id='word_1_37' title='bbox 999 791 1115 876; x_wconf 87' lang='lat' dir='ltr'><strong>colles,</strong></span> <span class='ocrx_word' id='word_1_38' title='bbox 1130 791 1240 858; x_wconf 83' lang='lat' dir='ltr'><strong>flumen</strong></span> <span class='ocrx_word' id='word_1_39' title='bbox 1253 809 1316 878; x_wconf 88' lang='lat' dir='ltr'><strong>opor·</strong></span> 
     </span>
    </p>

    <p class='ocr_par' dir='ltr' id='par_1_6' title="bbox 166 895 1319 1408">
     <span class='ocr_line' id='line_1_6' title="bbox 166 895 1316 1002; baseline -0.007 -35"><span class='ocrx_word' id='word_1_40' title='bbox 166 993 171 1002; x_wconf 89' lang='lat'><strong>.</strong></span> <span class='ocrx_word' id='word_1_41' title='bbox 220 907 380 978; x_wconf 79' lang='lat' dir='ltr'><strong>ttunum,</strong></span> <span class='ocrx_word' id='word_1_42' title='bbox 411 918 476 985; x_wconf 91' lang='lat' dir='ltr'><strong>quo</strong></span> <span class='ocrx_word' id='word_1_43' title='bbox 499 918 542 962; x_wconf 81' lang='lat' dir='ltr'><strong>cx</strong></span> <span class='ocrx_word' id='word_1_44' title='bbox 561 895 799 966; x_wconf 84' lang='lat' dir='ltr'><strong>mediterraneis</strong></span> <span class='ocrx_word' id='word_1_45' title='bbox 821 897 900 966; x_wconf 88' lang='lat' dir='ltr'><strong>locis</strong></span> <span class='ocrx_word' id='word_1_46' title='bbox 927 896 1042 988; x_wconf 80' lang='lat' dir='ltr'><strong>fruges</strong></span> <span class='ocrx_word' id='word_1_47' title='bbox 1070 895 1256 966; x_wconf 77' lang='lat' dir='ltr'><strong>devehrnun</strong></span> <span class='ocrx_word' id='word_1_48' title='bbox 1275 912 1316 980; x_wconf 81' lang='lat' dir='ltr'><strong>quo</strong></span> 
     </span>
     <span class='ocr_line' id='line_1_7' title="bbox 248 999 1317 1091; baseline -0.007 -21"><span class='ocrx_word' id='word_1_49' title='bbox 248 999 394 1070; x_wconf 74' lang='lat' dir='ltr'>maritimi</span> <span class='ocrx_word' id='word_1_50' title='bbox 414 1009 613 1068; x_wconf 77' lang='lat' dir='ltr'><strong>commeatus</strong></span> <span class='ocrx_word' id='word_1_51' title='bbox 635 1000 842 1091; x_wconf 79' lang='lat' dir='ltr'><strong>accipiantrn,</strong></span> <span class='ocrx_word' id='word_1_52' title='bbox 868 1025 955 1069; x_wconf 88' lang='lat' dir='ltr'><strong>mare</strong></span> <span class='ocrx_word' id='word_1_53' title='bbox 980 1002 1129 1072; x_wconf 89' lang='lat' dir='ltr'><strong>vicinum</strong></span> <span class='ocrx_word' id='word_1_54' title='bbox 1156 999 1195 1068; x_wconf 83' lang='lat' dir='ltr'><strong>ud</strong></span> <span class='ocrx_word' id='word_1_55' title='bbox 1214 1015 1317 1066; x_wconf 77' lang='lat' dir='ltr'><strong>conns</strong></span> 
     </span>
     <span class='ocr_line' id='line_1_8' title="bbox 248 1099 1318 1197; baseline -0.007 -24"><span class='ocrx_word' id='word_1_56' title='bbox 248 1106 361 1174; x_wconf 74' lang='lat' dir='ltr'><strong>diaes</strong></span> <span class='ocrx_word' id='word_1_57' title='bbox 382 1127 443 1174; x_wconf 88' lang='lat' dir='ltr'><strong>nec</strong></span> <span class='ocrx_word' id='word_1_58' title='bbox 465 1103 646 1194; x_wconf 81' lang='lat' dir='ltr'><strong>expositum</strong></span> <span class='ocrx_word' id='word_1_59' title='bbox 668 1105 763 1174; x_wconf 78' lang='lat' dir='ltr'><strong>niuniu</strong></span> <span class='ocrx_word' id='word_1_60' title='bbox 786 1105 1026 1197; x_wconf 73' lang='lat' dir='ltr'>propinquitate</span> <span class='ocrx_word' id='word_1_61' title='bbox 1050 1107 1092 1174; x_wconf 82' lang='lat' dir='ltr'><strong>sd</strong></span> <span class='ocrx_word' id='word_1_62' title='bbox 1119 1102 1249 1197; x_wconf 84' lang='lat' dir='ltr'><strong>pericula</strong></span> <span class='ocrx_word' id='word_1_63' title='bbox 1267 1099 1318 1165; x_wconf 81' lang='lat' dir='ltr'><strong>clas</strong></span> 
     </span>
     <span class='ocr_line' id='line_1_9' title="bbox 248 1201 1319 1300; baseline -0.006 -22"><span class='ocrx_word' id='word_1_64' title='bbox 248 1211 334 1278; x_wconf 90' lang='lat' dir='ltr'><strong>sium</strong></span> <span class='ocrx_word' id='word_1_65' title='bbox 353 1219 563 1291; x_wconf 78' lang='lat' dir='ltr'><strong>externarum,</strong></span> <span class='ocrx_word' id='word_1_66' title='bbox 583 1209 749 1300; x_wconf 80' lang='lat' dir='ltr'><strong>regionum</strong></span> <span class='ocrx_word' id='word_1_67' title='bbox 770 1211 878 1280; x_wconf 84' lang='lat' dir='ltr'><strong>Italiac</strong></span> <span class='ocrx_word' id='word_1_68' title='bbox 899 1211 1048 1280; x_wconf 83' lang='lat' dir='ltr'><strong>medium</strong></span> <span class='ocrx_word' id='word_1_69' title='bbox 1071 1201 1114 1280; x_wconf 77' lang='lat' dir='ltr'><strong>&#39;ad</strong></span> <span class='ocrx_word' id='word_1_70' title='bbox 1128 1209 1319 1278; x_wconf 72' lang='lat' dir='ltr'><strong>inermem</strong></span> 
     </span>
     <span class='ocr_line' id='line_1_10' title="bbox 248 1302 1319 1408; baseline -0.005 -26"><span class='ocrx_word' id='word_1_71' title='bbox 248 1315 335 1382; x_wconf 87' lang='lat' dir='ltr'><strong>urbis</strong></span> <span class='ocrx_word' id='word_1_72' title='bbox 363 1324 479 1380; x_wconf 87' lang='lat' dir='ltr'><strong>natum</strong></span> <span class='ocrx_word' id='word_1_73' title='bbox 504 1312 597 1380; x_wconf 90' lang='lat' dir='ltr'><strong>unice</strong></span> <span class='ocrx_word' id='word_1_74' title='bbox 623 1313 743 1384; x_wconf 90' lang='lat' dir='ltr'><strong>locum.</strong></span> <span class='ocrx_word' id='word_1_75' title='bbox 780 1327 967 1406; x_wconf 77' lang='lat' dir='ltr'><strong>argumento</strong></span> <span class='ocrx_word' id='word_1_76' title='bbox 998 1327 1053 1386; x_wconf 79' lang='lat' dir='ltr'><strong>est</strong></span> <span class='ocrx_word' id='word_1_77' title='bbox 1079 1316 1151 1408; x_wconf 76' lang='lat' dir='ltr'><strong>ipse</strong></span> <span class='ocrx_word' id='word_1_78' title='bbox 1173 1302 1319 1400; x_wconf 70' lang='lat' dir='ltr'><strong>magnitudo</strong></span> 
     </span>
    </p>

    <p class='ocr_par' dir='ltr' id='par_1_7' title="bbox 202 1415 1319 1932">
     <span class='ocr_line' id='line_1_11' title="bbox 202 1415 1318 1512; baseline -0.008 -22"><span class='ocrx_word' id='word_1_79' title='bbox 202 1433 237 1490; x_wconf 77' lang='lat' dir='ltr'><strong>to</strong></span> <span class='ocrx_word' id='word_1_80' title='bbox 249 1429 315 1488; x_wconf 90' lang='lat' dir='ltr'><strong>tam</strong></span> <span class='ocrx_word' id='word_1_81' title='bbox 336 1439 439 1486; x_wconf 83' lang='lat' dir='ltr'><strong>novae</strong></span> <span class='ocrx_word' id='word_1_82' title='bbox 460 1415 563 1486; x_wconf 74' lang='lat' dir='ltr'><strong>urbisz</strong></span> <span class='ocrx_word' id='word_1_83' title='bbox 595 1420 837 1488; x_wconf 76' lang='lat' dir='ltr'><strong>trecentesimus</strong></span> <span class='ocrx_word' id='word_1_84' title='bbox 857 1422 1083 1512; x_wconf 80' lang='lat' dir='ltr'><strong>sexagesimus</strong></span> <span class='ocrx_word' id='word_1_85' title='bbox 1106 1417 1229 1511; x_wconf 85' lang='lat' dir='ltr'><strong>quintus</strong></span> <span class='ocrx_word' id='word_1_86' title='bbox 1248 1426 1318 1476; x_wconf 79' lang='lat' dir='ltr'><strong>annu</strong></span> 
     </span>
     <span class='ocr_line' id='line_1_12' title="bbox 247 1509 1319 1618; baseline -0.007 -28"><span class='ocrx_word' id='word_1_87' title='bbox 247 1522 334 1592; x_wconf 80' lang='lat' dir='ltr'><strong>urbis</strong></span> <span class='ocrx_word' id='word_1_88' title='bbox 355 1520 497 1610; x_wconf 66' lang='lat' dir='ltr'><strong>Quirites</strong></span> <span class='ocrx_word' id='word_1_89' title='bbox 518 1523 634 1613; x_wconf 75' lang='lat' dir='ltr'><strong>agiturr</strong></span> <span class='ocrx_word' id='word_1_90' title='bbox 661 1523 743 1594; x_wconf 85' lang='lat' dir='ltr'><strong>inter</strong></span> <span class='ocrx_word' id='word_1_91' title='bbox 764 1536 814 1596; x_wconf 84' lang='lat' dir='ltr'><strong>tot</strong></span> <span class='ocrx_word' id='word_1_92' title='bbox 834 1525 1025 1596; x_wconf 78' lang='lat' dir='ltr'><strong>veterrimos</strong></span> <span class='ocrx_word' id='word_1_93' title='bbox 1051 1523 1193 1618; x_wconf 91' lang='lat' dir='ltr'><strong>populos</strong></span> <span class='ocrx_word' id='word_1_94' title='bbox 1212 1527 1270 1584; x_wconf 80' lang='lat' dir='ltr'><strong>on</strong></span> <span class='ocrx_word' id='word_1_95' title='bbox 1285 1509 1319 1576; x_wconf 76' lang='lat' dir='ltr'><strong>diu</strong></span> 
     </span>
     <span class='ocr_line' id='line_1_13' title="bbox 247 1621 1318 1722; baseline -0.011 -26"><span class='ocrx_word' id='word_1_96' title='bbox 247 1629 330 1696; x_wconf 86' lang='lat' dir='ltr'><strong>bella</strong></span> <span class='ocrx_word' id='word_1_97' title='bbox 353 1626 474 1720; x_wconf 79' lang='lat' dir='ltr'><strong>geritis,</strong></span> <span class='ocrx_word' id='word_1_98' title='bbox 500 1651 575 1695; x_wconf 91' lang='lat' dir='ltr'><strong>cum</strong></span> <span class='ocrx_word' id='word_1_99' title='bbox 596 1627 716 1698; x_wconf 84' lang='lat' dir='ltr'><strong>interea</strong></span> <span class='ocrx_word' id='word_1_100' title='bbox 738 1665 782 1680; x_wconf 62' lang='grc'><strong>«-</strong></span> <span class='ocrx_word' id='word_1_101' title='bbox 804 1653 845 1698; x_wconf 89' lang='lat' dir='ltr'><strong>ne</strong></span> <span class='ocrx_word' id='word_1_102' title='bbox 874 1629 1015 1722; x_wconf 77' lang='lat' dir='ltr'><strong>singulas</strong></span> <span class='ocrx_word' id='word_1_103' title='bbox 1045 1631 1164 1722; x_wconf 83' lang='lat' dir='ltr'><strong>loquar</strong></span> <span class='ocrx_word' id='word_1_104' title='bbox 1189 1621 1271 1690; x_wconf 88' lang='lat' dir='ltr'><strong>urbes</strong></span> <span class='ocrx_word' id='word_1_105' title='bbox 1291 1647 1318 1660; x_wconf 63' lang='lat'><em>⁴</em></span> 
     </span>
     <span class='ocr_line' id='line_1_14' title="bbox 247 1717 1319 1823; baseline -0.005 -23"><span class='ocrx_word' id='word_1_106' title='bbox 247 1757 312 1800; x_wconf 89' lang='lat' dir='ltr'><strong>non</strong></span> <span class='ocrx_word' id='word_1_107' title='bbox 341 1729 500 1800; x_wconf 81' lang='lat' dir='ltr'><strong>coniuncti</strong></span> <span class='ocrx_word' id='word_1_108' title='bbox 528 1733 602 1799; x_wconf 89' lang='lat' dir='ltr'><strong>cu&#39;m</strong></span> <span class='ocrx_word' id='word_1_109' title='bbox 625 1733 744 1823; x_wconf 84' lang='lat' dir='ltr'><strong>Aequis</strong></span> <span class='ocrx_word' id='word_1_110' title='bbox 766 1735 890 1819; x_wconf 83' lang='lat' dir='ltr'><strong>Vulsci,</strong></span> <span class='ocrx_word' id='word_1_111' title='bbox 924 1744 1075 1804; x_wconf 81' lang='lat' dir='ltr'><strong>tottam</strong></span> <span class='ocrx_word' id='word_1_112' title='bbox 1097 1731 1201 1802; x_wconf 81' lang='lat' dir='ltr'><strong>vuiide</strong></span> <span class='ocrx_word' id='word_1_113' title='bbox 1226 1717 1319 1813; x_wconf 60' lang='lat' dir='ltr'><strong>oppido</strong></span> 
     </span>
     <span class='ocr_line' id='line_1_15' title="bbox 247 1822 1318 1932; baseline -0.007 -28"><span class='ocrx_word' id='word_1_114' title='bbox 247 1861 313 1906; x_wconf 92' lang='lat' dir='ltr'><strong>non</strong></span> <span class='ocrx_word' id='word_1_115' title='bbox 334 1837 480 1903; x_wconf 87' lang='lat' dir='ltr'><strong>universa</strong></span> <span class='ocrx_word' id='word_1_116' title='bbox 495 1835 620 1904; x_wconf 84' lang='lat' dir='ltr'><strong>Etmria</strong></span> <span class='ocrx_word' id='word_1_117' title='bbox 642 1849 767 1905; x_wconf 88' lang='lat' dir='ltr'><strong>tantum</strong></span> <span class='ocrx_word' id='word_1_118' title='bbox 788 1849 871 1906; x_wconf 87' lang='lat' dir='ltr'><strong>terra</strong></span> <span class='ocrx_word' id='word_1_119' title='bbox 887 1839 1033 1932; x_wconf 86' lang='lat' dir='ltr'><strong>marique</strong></span> <span class='ocrx_word' id='word_1_120' title='bbox 1049 1839 1178 1932; x_wconf 89' lang='lat' dir='ltr'><strong>pollens</strong></span> <span class='ocrx_word' id='word_1_121' title='bbox 1199 1822 1318 1919; x_wconf 77' lang='lat' dir='ltr'><strong>atqueir</strong></span> 
     </span>
    </p>

    <p class='ocr_par' dir='ltr' id='par_1_8' title="bbox 202 1933 1319 2036">
     <span class='ocr_line' id='line_1_16' title="bbox 202 1933 1319 2036; baseline -0.013 -26"><span class='ocrx_word' id='word_1_122' title='bbox 202 1955 236 2012; x_wconf 77' lang='lat'><strong>15</strong></span> <span class='ocrx_word' id='word_1_123' title='bbox 249 1952 297 2009; x_wconf 86' lang='lat' dir='ltr'><strong>ter</strong></span> <span class='ocrx_word' id='word_1_124' title='bbox 319 1939 383 2036; x_wconf 81' lang='lat' dir='ltr'><strong>duo</strong></span> <span class='ocrx_word' id='word_1_125' title='bbox 411 1939 509 2008; x_wconf 88' lang='lat' dir='ltr'><strong>maria</strong></span> <span class='ocrx_word' id='word_1_126' title='bbox 535 1939 733 2010; x_wconf 83' lang='lat' dir='ltr'><strong>latitudinem</strong></span> <span class='ocrx_word' id='word_1_127' title='bbox 761 1942 907 2011; x_wconf 80' lang='lat' dir='ltr'><strong>obtinens</strong></span> <span class='ocrx_word' id='word_1_128' title='bbox 928 1943 1038 2013; x_wconf 83' lang='lat' dir='ltr'><strong>ltaliae</strong></span> <span class='ocrx_word' id='word_1_129' title='bbox 1068 1941 1158 2011; x_wconf 87' lang='lat' dir='ltr'><strong>bello</strong></span> <span class='ocrx_word' id='word_1_130' title='bbox 1180 1933 1261 2005; x_wconf 84' lang='lat' dir='ltr'><strong>robis</strong></span> <span class='ocrx_word' id='word_1_131' title='bbox 1280 1945 1319 2015; x_wconf 73' lang='lat' dir='ltr'><strong>par</strong></span> 
     </span>
    </p>

    <p class='ocr_par' dir='ltr' id='par_1_9' title="bbox 137 2039 1317 2240">
     <span class='ocr_line' id='line_1_17' title="bbox 137 2039 1317 2138; baseline -0.008 -23"><span class='ocrx_word' id='word_1_132' title='bbox 137 2042 140 2052; x_wconf 85' lang='lat'>&#39;</span> <span class='ocrx_word' id='word_1_133' title='bbox 248 2057 306 2114; x_wconf 81' lang='lat' dir='ltr'><strong>est</strong></span> <span class='ocrx_word' id='word_1_134' title='bbox 346 2045 434 2136; x_wconf 91' lang='lat' dir='ltr'><strong>quod</strong></span> <span class='ocrx_word' id='word_1_135' title='bbox 458 2067 533 2112; x_wconf 91' lang='lat' dir='ltr'><strong>cum</strong></span> <span class='ocrx_word' id='word_1_136' title='bbox 554 2043 597 2114; x_wconf 84' lang='lat' dir='ltr'><strong>ita</strong></span> <span class='ocrx_word' id='word_1_137' title='bbox 619 2047 668 2128; x_wconf 77' lang='lat' dir='ltr'><strong>sit,</strong></span> <span class='ocrx_word' id='word_1_138' title='bbox 692 2071 833 2138; x_wconf 84' lang='lat' dir='ltr'><strong>quae-</strong></span> <span class='ocrx_word' id='word_1_139' title='bbox 848 2049 984 2116; x_wconf 88' lang='lat' dir='ltr'><strong>malum!</strong></span> <span class='ocrx_word' id='word_1_140' title='bbox 1006 2083 1053 2100; x_wconf 83' lang='lat'>-</span> <span class='ocrx_word' id='word_1_141' title='bbox 1070 2047 1151 2114; x_wconf 79' lang='lat' dir='ltr'><strong>ratio</strong></span> <span class='ocrx_word' id='word_1_142' title='bbox 1168 2039 1220 2110; x_wconf 89' lang='lat' dir='ltr'><strong>.‘est</strong></span> <span class='ocrx_word' id='word_1_143' title='bbox 1238 2047 1317 2122; x_wconf 71' lang='lat' dir='ltr'><strong>exper-</strong></span> 
     </span>
     <span class='ocr_line' id='line_1_18' title="bbox 245 2141 1317 2240; baseline -0.01 -22"><span class='ocrx_word' id='word_1_144' title='bbox 245 2151 286 2218; x_wconf 86' lang='lat' dir='ltr'><strong>tis</strong></span> <span class='ocrx_word' id='word_1_145' title='bbox 308 2149 368 2216; x_wconf 85' lang='lat' dir='ltr'><strong>alia</strong></span> <span class='ocrx_word' id='word_1_146' title='bbox 391 2148 534 2240; x_wconf 76' lang='lat' dir='ltr'><strong>experiri,</strong></span> <span class='ocrx_word' id='word_1_147' title='bbox 556 2171 631 2218; x_wconf 89' lang='lat' dir='ltr'><strong>cum</strong></span> <span class='ocrx_word' id='word_1_148' title='bbox 652 2149 717 2218; x_wconf 88' lang='lat' dir='ltr'><strong>iam</strong></span> <span class='ocrx_word' id='word_1_149' title='bbox 739 2163 776 2220; x_wconf 83' lang='lat' dir='ltr'><strong>ut</strong></span> <span class='ocrx_word' id='word_1_150' title='bbox 796 2151 896 2220; x_wconf 88' lang='lat' dir='ltr'><strong>virtus</strong></span> <span class='ocrx_word' id='word_1_151' title='bbox 910 2163 1017 2220; x_wconf 84' lang='lat' dir='ltr'><strong>vestra</strong></span> <span class='ocrx_word' id='word_1_152' title='bbox 1039 2149 1176 2220; x_wconf 78' lang='lat' dir='ltr'><strong>tramire</strong></span> <span class='ocrx_word' id='word_1_153' title='bbox 1197 2141 1251 2210; x_wconf 82' lang='lat' dir='ltr'><strong>aiio</strong></span> <span class='ocrx_word' id='word_1_154' title='bbox 1268 2153 1317 2226; x_wconf 60' lang='lat' dir='ltr'><strong>pot</strong></span> 
     </span>
    </p>

    <p class='ocr_par' dir='ltr' id='par_1_10' title="bbox 207 2236 1317 2348">
     <span class='ocr_line' id='line_1_19' title="bbox 207 2236 1317 2348; baseline -0.01 -28"><span class='ocrx_word' id='word_1_155' title='bbox 207 2261 210 2269; x_wconf 82' lang='lat'><em>&#39;</em></span> <span class='ocrx_word' id='word_1_156' title='bbox 246 2254 296 2334; x_wconf 83' lang='lat' dir='ltr'><strong>sit,</strong></span> <span class='ocrx_word' id='word_1_157' title='bbox 317 2253 443 2319; x_wconf 83' lang='lat' dir='ltr'><strong>fortuna</strong></span> <span class='ocrx_word' id='word_1_158' title='bbox 466 2263 551 2320; x_wconf 90' lang='lat' dir='ltr'><strong>certe</strong></span> <span class='ocrx_word' id='word_1_159' title='bbox 573 2253 637 2320; x_wconf 91' lang='lat' dir='ltr'><strong>loci</strong></span> <span class='ocrx_word' id='word_1_160' title='bbox 659 2254 752 2322; x_wconf 86' lang='lat' dir='ltr'><strong>huius</strong></span> <span class='ocrx_word' id='word_1_161' title='bbox 778 2256 938 2323; x_wconf 83' lang='lat' dir='ltr'><strong>transferri</strong></span> <span class='ocrx_word' id='word_1_162' title='bbox 964 2279 1032 2322; x_wconf 89' lang='lat' dir='ltr'><strong>non</strong></span> <span class='ocrx_word' id='word_1_163' title='bbox 1062 2253 1181 2348; x_wconf 83' lang='lat' dir='ltr'><strong>possit:</strong></span> <span class='ocrx_word' id='word_1_164' title='bbox 1217 2244 1262 2312; x_wconf 89' lang='lat' dir='ltr'><strong>hic</strong></span> <span class='ocrx_word' id='word_1_165' title='bbox 1279 2236 1317 2302; x_wconf 67' lang='lat' dir='ltr'><strong>Ca·</strong></span> 
     </span>
    </p>

    <p class='ocr_par' dir='ltr' id='par_1_11' title="bbox 148 2355 1319 2450">
     <span class='ocr_line' id='line_1_20' title="bbox 148 2355 1319 2450; baseline -0.016 -24"><span class='ocrx_word' id='word_1_166' title='bbox 148 2369 150 2382; x_wconf 92' lang='lat'>&#39;</span> <span class='ocrx_word' id='word_1_167' title='bbox 245 2355 392 2450; x_wconf 87' lang='lat' dir='ltr'><strong>pitolium</strong></span> <span class='ocrx_word' id='word_1_168' title='bbox 414 2365 478 2439; x_wconf 85' lang='lat' dir='ltr'><strong>est,</strong></span> <span class='ocrx_word' id='word_1_169' title='bbox 504 2355 559 2422; x_wconf 92' lang='lat' dir='ltr'><strong>ubi</strong></span> <span class='ocrx_word' id='word_1_170' title='bbox 582 2359 745 2448; x_wconf 82' lang='lat' dir='ltr'><strong>quondam</strong></span> <span class='ocrx_word' id='word_1_171' title='bbox 773 2360 875 2450; x_wconf 88' lang='lat' dir='ltr'><strong>capite</strong></span> <span class='ocrx_word' id='word_1_172' title='bbox 897 2360 1042 2427; x_wconf 83' lang='lat' dir='ltr'><strong>humano</strong></span> <span class='ocrx_word' id='word_1_173' title='bbox 1071 2360 1201 2428; x_wconf 85' lang='lat' dir='ltr'><strong>invento</strong></span> <span class='ocrx_word' id='word_1_174' title='bbox 1221 2362 1319 2436; x_wconf 86' lang='lat' dir='ltr'><strong>respon·</strong></span> 
     </span>
    </p>

    <p class='ocr_par' dir='ltr' id='par_1_12' title="bbox 159 2449 1318 2661">
     <span class='ocr_line' id='line_1_21' title="bbox 199 2449 1318 2558; baseline -0.012 -24"><span class='ocrx_word' id='word_1_175' title='bbox 199 2480 319 2535; x_wconf 72' lang='lat' dir='ltr'><strong>susum</strong></span> <span class='ocrx_word' id='word_1_176' title='bbox 346 2472 396 2530; x_wconf 88' lang='lat' dir='ltr'><strong>est</strong></span> <span class='ocrx_word' id='word_1_177' title='bbox 423 2483 463 2527; x_wconf 88' lang='lat' dir='ltr'><strong>co</strong></span> <span class='ocrx_word' id='word_1_178' title='bbox 491 2458 565 2527; x_wconf 91' lang='lat' dir='ltr'><strong>loco</strong></span> <span class='ocrx_word' id='word_1_179' title='bbox 595 2473 693 2552; x_wconf 84' lang='lat' dir='ltr'><strong>caput</strong></span> <span class='ocrx_word' id='word_1_180' title='bbox 721 2477 836 2532; x_wconf 86' lang='lat' dir='ltr'><strong>rerum¹</strong></span> <span class='ocrx_word' id='word_1_181' title='bbox 860 2487 1088 2556; x_wconf 81' lang='lat' dir='ltr'><strong>summamque</strong></span> <span class='ocrx_word' id='word_1_182' title='bbox 1117 2453 1234 2550; x_wconf 88' lang='lat' dir='ltr'><strong>imperii</strong></span> <span class='ocrx_word' id='word_1_183' title='bbox 1257 2449 1318 2558; x_wconf 64' lang='lat' dir='ltr'><strong>f⁰¹i²</strong></span> 
     </span>
     <span class='ocr_line' id='line_1_22' title="bbox 159 2545 1316 2661; baseline -0.016 -23"><span class='ocrx_word' id='word_1_184' title='bbox 159 2565 164 2584; x_wconf 78' lang='grc'><strong>“</strong></span> <span class='ocrx_word' id='word_1_185' title='bbox 245 2569 298 2636; x_wconf 91' lang='lat' dir='ltr'><strong>hic</strong></span> <span class='ocrx_word' id='word_1_186' title='bbox 326 2576 582 2656; x_wconf 77' lang='lat' dir='ltr'><strong>cum,aug1nat0</strong></span> <span class='ocrx_word' id='word_1_187' title='bbox 609 2561 795 2636; x_wconf 84' lang='lat' dir='ltr'><strong>liberaretur</strong></span> <span class='ocrx_word' id='word_1_188' title='bbox 821 2567 1029 2661; x_wconf 80' lang='lat' dir='ltr'><strong>Capitolium,</strong></span> <span class='ocrx_word' id='word_1_189' title='bbox 1056 2545 1205 2639; x_wconf 64' lang='lat' dir='ltr'><strong>Iuventas</strong></span> <span class='ocrx_word' id='word_1_190' title='bbox 1226 2556 1316 2624; x_wconf 75' lang='lat' dir='ltr'><strong>Tenu-</strong></span> 
     </span>
    </p>

    <p class='ocr_par' dir='ltr' id='par_1_13' title="bbox 97 2675 1317 3200">
     <span class='ocr_line' id='line_1_23' title="bbox 97 2675 1317 2767; baseline -0.01 -18"><span class='ocrx_word' id='word_1_191' title='bbox 97 2685 100 2692; x_wconf 67' lang='grc'>’</span> <span class='ocrx_word' id='word_1_192' title='bbox 262 2693 289 2750; x_wconf 65' lang='grc' dir='ltr'><strong>θ.</strong></span> <span class='ocrx_word' id='word_1_193' title='bbox 307 2711 344 2748; x_wconf 82' lang='lat' dir='ltr'><strong>eo</strong></span> <span class='ocrx_word' id='word_1_194' title='bbox 362 2693 519 2746; x_wconf 77' lang='lat' dir='ltr'><strong>macerent.</strong></span> <span class='ocrx_word' id='word_1_195' title='bbox 531 2684 612 2744; x_wconf 84' lang='lat' dir='ltr'><strong>-·P:</strong></span> <span class='ocrx_word' id='word_1_196' title='bbox 626 2707 708 2756; x_wconf 83' lang='lat' dir='ltr'><strong>„cnm</strong></span> <span class='ocrx_word' id='word_1_197' title='bbox 720 2707 761 2744; x_wconf 86' lang='lat' dir='ltr'><strong>re·</strong></span> <span class='ocrx_word' id='word_1_198' title='bbox 892 2693 976 2748; x_wconf 75' lang='lat' dir='ltr'><strong>sunus</strong></span> <span class='ocrx_word' id='word_1_199' title='bbox 985 2710 1102 2767; x_wconf 79' lang='lat' dir='ltr'><strong>sexagen</strong></span> <span class='ocrx_word' id='word_1_200' title='bbox 1118 2691 1124 2761; x_wconf 86' lang='grc' dir='ltr'>Ι</span> <span class='ocrx_word' id='word_1_201' title='bbox 1138 2688 1218 2744; x_wconf 82' lang='lat' dir='ltr'><strong>rimus</strong></span> <span class='ocrx_word' id='word_1_202' title='bbox 1228 2675 1317 2755; x_wconf 57' lang='lat' dir='ltr'><strong>quium·</strong></span> 
     </span>
     <span class='ocr_line' id='line_1_24' title="bbox 307 2763 1315 2855; baseline -0.021 -21"><span class='ocrx_word' id='word_1_203' title='bbox 307 2778 440 2855; x_wconf 81' lang='lat' dir='ltr'><strong>liqueritis</strong></span> <span class='ocrx_word' id='word_1_204' title='bbox 459 2795 518 2832; x_wconf 83' lang='lat' dir='ltr'><strong>erm</strong></span> <span class='ocrx_word' id='word_1_205' title='bbox 532 2785 644 2854; x_wconf 79' lang='lat' dir='ltr'><strong>agerent</strong></span> <span class='ocrx_word' id='word_1_206' title='bbox 656 2775 760 2832; x_wconf 84' lang='lat' dir='ltr'><strong>deside·</strong></span> <span class='ocrx_word' id='word_1_207' title='bbox 892 2777 927 2834; x_wconf 91' lang='lat' dir='ltr'><strong>P:</strong></span> <span class='ocrx_word' id='word_1_208' title='bbox 945 2781 1151 2835; x_wconf 68' lang='lat' dir='ltr'><strong>trecentesim</strong></span> <span class='ocrx_word' id='word_1_209' title='bbox 1167 2763 1315 2841; x_wconf 61' lang='lat' dir='ltr'><strong>sexagesimo</strong></span> 
     </span>
     <span class='ocr_line' id='line_1_25' title="bbox 307 2863 1153 2943; baseline -0.006 -21"><span class='ocrx_word' id='word_1_210' title='bbox 307 2865 386 2932; x_wconf 81' lang='lat' dir='ltr'><strong>rio“:</strong></span> <span class='ocrx_word' id='word_1_211' title='bbox 404 2863 454 2919; x_wconf 83' lang='lat' dir='ltr'><strong>sed</strong></span> <span class='ocrx_word' id='word_1_212' title='bbox 471 2884 487 2918; x_wconf 85' lang='lat' dir='ltr'><strong>c</strong></span> <span class='ocrx_word' id='word_1_213' title='bbox 504 2864 635 2941; x_wconf 84' lang='lat' dir='ltr'><strong>scriptum</strong></span> <span class='ocrx_word' id='word_1_214' title='bbox 657 2874 699 2920; x_wconf 85' lang='lat' dir='ltr'><strong>est</strong></span> <span class='ocrx_word' id='word_1_215' title='bbox 715 2884 760 2920; x_wconf 81' lang='lat' dir='ltr'><strong>su·</strong></span> <span class='ocrx_word' id='word_1_216' title='bbox 895 2867 1014 2943; x_wconf 83' lang='lat' dir='ltr'><strong>quintus.</strong></span> <span class='ocrx_word' id='word_1_217' title='bbox 1149 2898 1153 2906; x_wconf 48' lang='grc' dir='ltr'><em>ι</em></span> 
     </span>
     <span class='ocr_line' id='line_1_26' title="bbox 306 2921 1316 3030; baseline -0.011 -22"><span class='ocrx_word' id='word_1_218' title='bbox 306 2971 355 3028; x_wconf 78' lang='lat' dir='ltr'><strong>pro</strong></span> <span class='ocrx_word' id='word_1_219' title='bbox 373 2971 395 3030; x_wconf 83' lang='lat' dir='ltr'><em>g</em></span> <span class='ocrx_word' id='word_1_220' title='bbox 412 2953 442 3008; x_wconf 91' lang='lat' dir='ltr'><strong>in</strong></span> <span class='ocrx_word' id='word_1_221' title='bbox 459 2950 541 3007; x_wconf 84' lang='lat' dir='ltr'><strong>verbo</strong></span> <span class='ocrx_word' id='word_1_222' title='bbox 566 2961 697 3030; x_wconf 81' lang='lat' dir='ltr'><strong>agerent.</strong></span> <span class='ocrx_word' id='word_1_223' title='bbox 719 2949 758 3006; x_wconf 81' lang='lat' dir='ltr'><strong>M:</strong></span> <span class='ocrx_word' id='word_1_224' title='bbox 831 2956 876 3012; x_wconf 81' lang='grc'><strong>13.</strong></span> <span class='ocrx_word' id='word_1_225' title='bbox 901 2954 1022 3010; x_wconf 81' lang='lat' dir='ltr'><strong>Vulsci.-</strong></span> <span class='ocrx_word' id='word_1_226' title='bbox 1051 2951 1096 3024; x_wconf 81' lang='grc'><strong>11]</strong></span> <span class='ocrx_word' id='word_1_227' title='bbox 1127 2945 1223 3006; x_wconf 87' lang='lat' dir='ltr'><strong>Volsci.</strong></span> <span class='ocrx_word' id='word_1_228' title='bbox 1251 2960 1278 2978; x_wconf 64' lang='lat'><strong>⁸*</strong></span> <span class='ocrx_word' id='word_1_229' title='bbox 1301 2921 1316 2978; x_wconf 70' lang='grc' dir='ltr'><em>Ρ</em></span> 
     </span>
     <span class='ocr_line' id='line_1_27' title="bbox 305 3011 1314 3110; baseline -0.012 -18"><span class='ocrx_word' id='word_1_230' title='bbox 305 3058 364 3094; x_wconf 86' lang='lat' dir='ltr'><strong>eam</strong></span> <span class='ocrx_word' id='word_1_231' title='bbox 379 3042 387 3109; x_wconf 73' lang='grc' dir='ltr'>Ι</span> <span class='ocrx_word' id='word_1_232' title='bbox 401 3043 516 3110; x_wconf 74' lang='lat' dir='ltr'><strong>agerent.</strong></span> <span class='ocrx_word' id='word_1_233' title='bbox 534 3055 570 3096; x_wconf 88' lang='lat' dir='ltr'><strong>m.</strong></span> <span class='ocrx_word' id='word_1_234' title='bbox 583 3040 625 3096; x_wconf 62' lang='lat' dir='ltr'><strong>ri:</strong></span> <span class='ocrx_word' id='word_1_235' title='bbox 637 3036 759 3108; x_wconf 69' lang='lat' dir='ltr'><strong>samiam·</strong></span> <span class='ocrx_word' id='word_1_236' title='bbox 891 3035 964 3096; x_wconf 74' lang='lat' dir='ltr'><strong>Harl,</strong></span> <span class='ocrx_word' id='word_1_237' title='bbox 976 3056 1009 3096; x_wconf 84' lang='lat'><strong>1.:</strong></span> <span class='ocrx_word' id='word_1_238' title='bbox 1028 3047 1115 3096; x_wconf 65' lang='lat' dir='ltr'><strong>totam</strong></span> <span class='ocrx_word' id='word_1_239' title='bbox 1133 3031 1215 3092; x_wconf 72' lang='lat' dir='ltr'><strong>ualida</strong></span> <span class='ocrx_word' id='word_1_240' title='bbox 1233 3011 1314 3098; x_wconf 68' lang='lat' dir='ltr'><strong>oppida·</strong></span> 
     </span>
     <span class='ocr_line' id='line_1_28' title="bbox 306 3107 1314 3200; baseline -0.015 -22"><span class='ocrx_word' id='word_1_241' title='bbox 306 3131 392 3200; x_wconf 72' lang='lat' dir='ltr'><strong>gerni.</strong></span> <span class='ocrx_word' id='word_1_242' title='bbox 889 3124 912 3180; x_wconf 87' lang='lat' dir='ltr'><strong>P</strong></span> <span class='ocrx_word' id='word_1_243' title='bbox 929 3145 964 3183; x_wconf 91' lang='lat' dir='ltr'><strong>m.</strong></span> <span class='ocrx_word' id='word_1_244' title='bbox 982 3129 1021 3184; x_wconf 59' lang='lat'><strong>22</strong></span> <span class='ocrx_word' id='word_1_245' title='bbox 1044 3135 1088 3182; x_wconf 83' lang='lat' dir='ltr'><strong>tot</strong></span> <span class='ocrx_word' id='word_1_246' title='bbox 1111 3133 1167 3181; x_wconf 81' lang='lat' dir='ltr'><strong>tem</strong></span> <span class='ocrx_word' id='word_1_247' title='bbox 1182 3111 1260 3175; x_wconf 81' lang='lat' dir='ltr'><strong>ualida</strong></span> <span class='ocrx_word' id='word_1_248' title='bbox 1279 3107 1314 3158; x_wconf 56' lang='lat'><strong>⁰0¹*</strong></span> 
     </span>
    </p>

    <p class='ocr_par' dir='ltr' id='par_1_14' title="bbox 262 3200 1314 3534">
     <span class='ocr_line' id='line_1_29' title="bbox 262 3200 1312 3287; baseline -0.016 -18"><span class='ocrx_word' id='word_1_249' title='bbox 262 3215 288 3273; x_wconf 71' lang='grc'><strong>1.</strong></span> <span class='ocrx_word' id='word_1_250' title='bbox 298 3214 416 3287; x_wconf 82' lang='lat' dir='ltr'><strong>flumen</strong></span> <span class='ocrx_word' id='word_1_251' title='bbox 434 3217 626 3285; x_wconf 79' lang='lat' dir='ltr'><strong>oportunum:</strong></span> <span class='ocrx_word' id='word_1_252' title='bbox 646 3207 690 3279; x_wconf 84' lang='lat' dir='ltr'><strong>tl]</strong></span> <span class='ocrx_word' id='word_1_253' title='bbox 709 3207 758 3264; x_wconf 83' lang='lat' dir='ltr'><strong>iln-</strong></span> <span class='ocrx_word' id='word_1_254' title='bbox 889 3211 916 3270; x_wconf 80' lang='grc'><strong>111</strong></span> <span class='ocrx_word' id='word_1_255' title='bbox 934 3233 970 3272; x_wconf 88' lang='lat' dir='ltr'><strong>m.</strong></span> <span class='ocrx_word' id='word_1_256' title='bbox 987 3216 1029 3272; x_wconf 77' lang='lat'><strong>1.=</strong></span> <span class='ocrx_word' id='word_1_257' title='bbox 1045 3223 1130 3271; x_wconf 85' lang='lat' dir='ltr'><strong>totam</strong></span> <span class='ocrx_word' id='word_1_258' title='bbox 1145 3213 1151 3282; x_wconf 89' lang='grc' dir='ltr'>Ι</span> <span class='ocrx_word' id='word_1_259' title='bbox 1166 3200 1312 3263; x_wconf 76' lang='lat' dir='ltr'><strong>uattdmop·</strong></span> 
     </span>
     <span class='ocr_line' id='line_1_30' title="bbox 306 3273 1314 3378; baseline -0.009 -23"><span class='ocrx_word' id='word_1_260' title='bbox 306 3319 368 3356; x_wconf 87' lang='lat' dir='ltr'><strong>men</strong></span> <span class='ocrx_word' id='word_1_261' title='bbox 386 3317 448 3376; x_wconf 81' lang='lat' dir='ltr'><strong>opp.</strong></span> <span class='ocrx_word' id='word_1_262' title='bbox 467 3325 502 3340; x_wconf 56' lang='lat'><strong>*-</strong></span> <span class='ocrx_word' id='word_1_263' title='bbox 521 3295 590 3356; x_wconf 88' lang='lat' dir='ltr'><strong>Pm.</strong></span> <span class='ocrx_word' id='word_1_264' title='bbox 604 3297 759 3375; x_wconf 79' lang='lat' dir='ltr'><strong>1.2·quocx</strong></span> <span class='ocrx_word' id='word_1_265' title='bbox 831 3280 833 3289; x_wconf 37' lang='grc' dir='ltr'>Ι</span> <span class='ocrx_word' id='word_1_266' title='bbox 890 3299 963 3378; x_wconf 77' lang='lat' dir='ltr'><strong>pide.</strong></span> <span class='ocrx_word' id='word_1_267' title='bbox 980 3317 1016 3360; x_wconf 84' lang='lat' dir='ltr'><strong>nr.</strong></span> <span class='ocrx_word' id='word_1_268' title='bbox 1027 3302 1067 3360; x_wconf 64' lang='lat'><strong>2:</strong></span> <span class='ocrx_word' id='word_1_269' title='bbox 1081 3310 1123 3358; x_wconf 83' lang='lat' dir='ltr'><strong>tot</strong></span> <span class='ocrx_word' id='word_1_270' title='bbox 1134 3292 1218 3354; x_wconf 80' lang='lat' dir='ltr'><strong>ualida</strong></span> <span class='ocrx_word' id='word_1_271' title='bbox 1230 3273 1314 3374; x_wconf 51' lang='lat' dir='ltr'><strong>oppii&amp;</strong></span> 
     </span>
     <span class='ocr_line' id='line_1_31' title="bbox 306 3376 1311 3447; baseline -0.014 -2"><span class='ocrx_word' id='word_1_272' title='bbox 306 3387 528 3446; x_wconf 80' lang='lat' dir='ltr'><strong>mediiterraneis.</strong></span> <span class='ocrx_word' id='word_1_273' title='bbox 557 3416 593 3430; x_wconf 90' lang='lat'><strong>·-</strong></span> <span class='ocrx_word' id='word_1_274' title='bbox 627 3387 653 3444; x_wconf 83' lang='grc'><strong>6.</strong></span> <span class='ocrx_word' id='word_1_275' title='bbox 687 3383 758 3442; x_wconf 87' lang='lat' dir='ltr'><strong>Num</strong></span> <span class='ocrx_word' id='word_1_276' title='bbox 892 3419 926 3430; x_wconf 88' lang='lat'><em>-</em></span> <span class='ocrx_word' id='word_1_277' title='bbox 944 3387 967 3443; x_wconf 92' lang='lat' dir='ltr'><strong>P</strong></span> <span class='ocrx_word' id='word_1_278' title='bbox 983 3391 1073 3447; x_wconf 75' lang='lat' dir='ltr'><strong>m.&#39;1.a</strong></span> <span class='ocrx_word' id='word_1_279' title='bbox 1090 3380 1226 3445; x_wconf 81' lang='lat' dir='ltr'><strong>interduo</strong></span> <span class='ocrx_word' id='word_1_280' title='bbox 1241 3376 1311 3426; x_wconf 59' lang='lat' dir='ltr'><strong>misti·</strong></span> 
     </span>
     <span class='ocr_line' id='line_1_32' title="bbox 305 3473 1087 3534; baseline 0.003 -2"><span class='ocrx_word' id='word_1_281' title='bbox 305 3478 400 3532; x_wconf 72' lang='lat' dir='ltr'><strong>marii</strong></span> <span class='ocrx_word' id='word_1_282' title='bbox 421 3473 549 3532; x_wconf 81' lang='lat' dir='ltr'><strong>Vicinum</strong></span> <span class='ocrx_word' id='word_1_283' title='bbox 566 3473 625 3532; x_wconf 86' lang='lat' dir='ltr'><strong>scil.</strong></span> <span class='ocrx_word' id='word_1_284' title='bbox 642 3473 740 3530; x_wconf 86' lang='lat' dir='ltr'><strong>locum.</strong></span> <span class='ocrx_word' id='word_1_285' title='bbox 882 3493 919 3534; x_wconf 86' lang='lat' dir='ltr'><strong>m.</strong></span> <span class='ocrx_word' id='word_1_286' title='bbox 937 3478 978 3534; x_wconf 64' lang='lat'><strong>22</strong></span> <span class='ocrx_word' id='word_1_287' title='bbox 996 3477 1087 3534; x_wconf 83' lang='lat' dir='ltr'><strong>maria.</strong></span> 
     </span>
    </p>

    <p class='ocr_par' dir='ltr' id='par_1_15' title="bbox 260 3526 1310 3813">
     <span class='ocr_line' id='line_1_33' title="bbox 260 3526 1309 3642; baseline -0.007 -20"><span class='ocrx_word' id='word_1_288' title='bbox 260 3567 287 3623; x_wconf 82' lang='grc'><strong>9.</strong></span> <span class='ocrx_word' id='word_1_289' title='bbox 305 3571 543 3642; x_wconf 65' lang='lat' dir='ltr'><strong>argumentosas</strong></span> <span class='ocrx_word' id='word_1_290' title='bbox 560 3561 628 3637; x_wconf 79' lang='lat' dir='ltr'><strong>ipso</strong></span> <span class='ocrx_word' id='word_1_291' title='bbox 644 3561 757 3638; x_wconf 84' lang='lat' dir='ltr'><strong>mogm&#39;·</strong></span> <span class='ocrx_word' id='word_1_292' title='bbox 828 3563 871 3621; x_wconf 86' lang='grc'><strong>16.</strong></span> <span class='ocrx_word' id='word_1_293' title='bbox 888 3566 1020 3638; x_wconf 75' lang='lat' dir='ltr'><strong>expertis</strong></span> <span class='ocrx_word' id='word_1_294' title='bbox 1042 3565 1107 3620; x_wconf 81' lang='lat' dir='ltr'><strong>olio</strong></span> <span class='ocrx_word' id='word_1_295' title='bbox 1131 3542 1265 3631; x_wconf 48' lang='lat' dir='ltr'><strong>experiri·</strong></span> <span class='ocrx_word' id='word_1_296' title='bbox 1285 3526 1309 3586; x_wconf 57' lang='lat' dir='ltr'><strong><em>M</em></strong></span> 
     </span>
     <span class='ocr_line' id='line_1_34' title="bbox 307 3630 1310 3728; baseline -0.003 -23"><span class='ocrx_word' id='word_1_297' title='bbox 307 3651 385 3710; x_wconf 78' lang='lat' dir='ltr'><strong>tudo</strong></span> <span class='ocrx_word' id='word_1_298' title='bbox 401 3659 465 3704; x_wconf 79' lang='lat' dir='ltr'><strong>tom</strong></span> <span class='ocrx_word' id='word_1_299' title='bbox 484 3667 582 3706; x_wconf 81' lang='lat' dir='ltr'><strong>nouae</strong></span> <span class='ocrx_word' id='word_1_300' title='bbox 606 3649 701 3704; x_wconf 75' lang='lat' dir='ltr'><strong>urbice</strong></span> <span class='ocrx_word' id='word_1_301' title='bbox 727 3645 755 3705; x_wconf 83' lang='lat' dir='ltr'><strong>P.</strong></span> <span class='ocrx_word' id='word_1_302' title='bbox 888 3677 923 3692; x_wconf 85' lang='lat'><strong>-·</strong></span> <span class='ocrx_word' id='word_1_303' title='bbox 941 3647 977 3704; x_wconf 89' lang='lat' dir='ltr'><strong>P:</strong></span> <span class='ocrx_word' id='word_1_304' title='bbox 995 3651 1113 3728; x_wconf 83' lang='lat' dir='ltr'><strong>expertis</strong></span> <span class='ocrx_word' id='word_1_305' title='bbox 1130 3647 1206 3704; x_wconf 65' lang='lat' dir='ltr'><strong>latos</strong></span> <span class='ocrx_word' id='word_1_306' title='bbox 1220 3630 1264 3688; x_wconf 59' lang='lat'><strong>³¹5³</strong></span> <span class='ocrx_word' id='word_1_307' title='bbox 1278 3634 1310 3674; x_wconf 67' lang='lat'><strong>‘¹&#39;</strong></span> 
     </span>
     <span class='ocr_line' id='line_1_35' title="bbox 304 3734 977 3813; baseline 0 -21"><span class='ocrx_word' id='word_1_308' title='bbox 304 3735 397 3792; x_wconf 72' lang='lat' dir='ltr'><strong>-tlz</strong></span> <span class='ocrx_word' id='word_1_309' title='bbox 424 3734 512 3792; x_wconf 84' lang='lat' dir='ltr'><strong>locum</strong></span> <span class='ocrx_word' id='word_1_310' title='bbox 528 3739 532 3806; x_wconf 91' lang='grc' dir='ltr'>Ι</span> <span class='ocrx_word' id='word_1_311' title='bbox 548 3734 694 3790; x_wconf 78' lang='lat' dir='ltr'><strong>ufromento</strong></span> <span class='ocrx_word' id='word_1_312' title='bbox 714 3744 755 3790; x_wconf 85' lang='lat' dir='ltr'><strong>eat</strong></span> <span class='ocrx_word' id='word_1_313' title='bbox 887 3739 977 3813; x_wconf 89' lang='lat' dir='ltr'><strong>periri.</strong></span> 
     </span>
    </p>

    <p class='ocr_par' dir='ltr' id='par_1_16' title="bbox 256 3785 1308 3904">
     <span class='ocr_line' id='line_1_36' title="bbox 256 3785 1308 3904; baseline -0.019 -21"><span class='ocrx_word' id='word_1_314' title='bbox 256 3887 265 3894; x_wconf 57' lang='grc'><strong>,</strong></span> <span class='ocrx_word' id='word_1_315' title='bbox 303 3827 362 3904; x_wconf 77' lang='lat' dir='ltr'><strong>ipsa</strong></span> <span class='ocrx_word' id='word_1_316' title='bbox 385 3831 436 3880; x_wconf 82' lang='lat' dir='ltr'><strong>cst.</strong></span> <span class='ocrx_word' id='word_1_317' title='bbox 466 3821 510 3881; x_wconf 83' lang='lat' dir='ltr'><strong>Ci.</strong></span> <span class='ocrx_word' id='word_1_318' title='bbox 533 3824 564 3888; x_wconf 77' lang='grc'><strong>1,</strong></span> <span class='ocrx_word' id='word_1_319' title='bbox 587 3823 630 3880; x_wconf 70' lang='lat' dir='ltr'><strong>ii.</strong></span> <span class='ocrx_word' id='word_1_320' title='bbox 659 3853 692 3864; x_wconf 93' lang='lat'><em>-</em></span> <span class='ocrx_word' id='word_1_321' title='bbox 723 3821 754 3878; x_wconf 89' lang='lat' dir='ltr'><strong>In</strong></span> <span class='ocrx_word' id='word_1_322' title='bbox 829 3822 871 3882; x_wconf 87' lang='grc'><strong>19.</strong></span> <span class='ocrx_word' id='word_1_323' title='bbox 889 3817 1251 3898; x_wconf 63' lang='lat' dir='ltr'><strong>capiteienmsnoinuento¹</strong></span> <span class='ocrx_word' id='word_1_324' title='bbox 1264 3785 1308 3852; x_wconf 55' lang='lat' dir='ltr'><strong>Pii</strong></span> 
     </span>
    </p>
   </div>
   <div class='ocr_carea' id='block_1_3' title="bbox 303 3887 1298 3975">
    <p class='ocr_par' dir='ltr' id='par_1_17' title="bbox 303 3887 1298 3975">
     <span class='ocr_line' id='line_1_37' title="bbox 303 3887 1298 3975; baseline -0.022 -5"><span class='ocrx_word' id='word_1_325' title='bbox 303 3911 376 3971; x_wconf 79' lang='lat' dir='ltr'><strong>lieri.</strong></span> <span class='ocrx_word' id='word_1_326' title='bbox 388 3929 406 3970; x_wconf 85' lang='lat'><strong>1.</strong></span> <span class='ocrx_word' id='word_1_327' title='bbox 424 3910 539 3970; x_wconf 74' lang='lat' dir='ltr'><strong>etheid.</strong></span> <span class='ocrx_word' id='word_1_328' title='bbox 552 3929 569 3968; x_wconf 88' lang='lat' dir='ltr'><strong>r.</strong></span> <span class='ocrx_word' id='word_1_329' title='bbox 588 3911 703 3966; x_wconf 81' lang='lat' dir='ltr'><strong>omissus</strong></span> <span class='ocrx_word' id='word_1_330' title='bbox 716 3919 757 3965; x_wconf 86' lang='lat' dir='ltr'><strong>est</strong></span> <span class='ocrx_word' id='word_1_331' title='bbox 889 3939 923 3954; x_wconf 86' lang='lat'><strong>·-</strong></span> <span class='ocrx_word' id='word_1_332' title='bbox 941 3907 1017 3969; x_wconf 71' lang='lat' dir='ltr'><strong>Leid,</strong></span> <span class='ocrx_word' id='word_1_333' title='bbox 1035 3931 1052 3969; x_wconf 64' lang='grc' dir='ltr'><strong>ι,</strong></span> <span class='ocrx_word' id='word_1_334' title='bbox 1070 3909 1117 3968; x_wconf 55' lang='grc' dir='ltr'>ὼ</span> <span class='ocrx_word' id='word_1_335' title='bbox 1135 3928 1149 3962; x_wconf 59' lang='lat' dir='ltr'><strong>a</strong></span> <span class='ocrx_word' id='word_1_336' title='bbox 1167 3897 1245 3975; x_wconf 76' lang='lat' dir='ltr'><strong>capite</strong></span> <span class='ocrx_word' id='word_1_337' title='bbox 1260 3887 1298 3940; x_wconf 66' lang='lat' dir='ltr'><strong>cet</strong></span> 
     </span>
    </p>
   </div>
   <div class='ocr_carea' id='block_1_4' title="bbox 185 3958 1306 4155">
    <p class='ocr_par' dir='ltr' id='par_1_18' title="bbox 185 3958 1306 4155">
     <span class='ocr_line' id='line_1_38' title="bbox 304 3958 1306 4062; baseline -0.015 -5"><span class='ocrx_word' id='word_1_338' title='bbox 304 4019 402 4058; x_wconf 81' lang='lat' dir='ltr'><strong>versus</strong></span> <span class='ocrx_word' id='word_1_339' title='bbox 421 4000 454 4056; x_wconf 85' lang='lat' dir='ltr'><strong>ab</strong></span> <span class='ocrx_word' id='word_1_340' title='bbox 476 3997 574 4056; x_wconf 80' lang='lat' dir='ltr'><strong>locum</strong></span> <span class='ocrx_word' id='word_1_341' title='bbox 600 3995 634 4053; x_wconf 81' lang='lat' dir='ltr'><strong>ad</strong></span> <span class='ocrx_word' id='word_1_342' title='bbox 660 4013 756 4052; x_wconf 84' lang='lat' dir='ltr'><strong>nouae</strong></span> <span class='ocrx_word' id='word_1_343' title='bbox 827 3958 1306 4062; x_wconf 67' lang='lat' dir='ltr'><strong>s1.1uuentasrerminueque=¹&#39;i¹·</strong></span> 
     </span>
     <span class='ocr_line' id='line_1_39' title="bbox 185 4083 1039 4155; baseline -0.013 -9"><span class='ocrx_word' id='word_1_344' title='bbox 185 4137 190 4146; x_wconf 86' lang='lat'><strong>.</strong></span> <span class='ocrx_word' id='word_1_345' title='bbox 304 4089 393 4154; x_wconf 63' lang='lat' dir='ltr'><strong>urbis:</strong></span> <span class='ocrx_word' id='word_1_346' title='bbox 408 4085 479 4144; x_wconf 81' lang='lat' dir='ltr'><strong>-tl</strong></span> <span class='ocrx_word' id='word_1_347' title='bbox 497 4107 533 4146; x_wconf 86' lang='lat' dir='ltr'><strong>m.</strong></span> <span class='ocrx_word' id='word_1_348' title='bbox 551 4088 588 4143; x_wconf 83' lang='lat'><strong>1.:</strong></span> <span class='ocrx_word' id='word_1_349' title='bbox 606 4091 754 4141; x_wconf 85' lang='lat' dir='ltr'><strong>trecenten·</strong></span> <span class='ocrx_word' id='word_1_350' title='bbox 887 4083 931 4142; x_wconf 82' lang='lat' dir='ltr'><strong>Gi.</strong></span> <span class='ocrx_word' id='word_1_351' title='bbox 952 4087 977 4155; x_wconf 86' lang='lat'><strong>1,</strong></span> <span class='ocrx_word' id='word_1_352' title='bbox 996 4085 1039 4142; x_wconf 77' lang='lat'><strong>55.</strong></span> 
     </span>
    </p>
   </div>
   <div class='ocr_carea' id='block_1_5' title="bbox 0 0 1399 4720">
    <p class='ocr_par' dir='ltr' id='par_1_19' title="bbox 0 0 1399 4720">
     <span class='ocr_line' id='line_1_40' title="bbox 0 0 1399 4720; baseline 0 0"><span class='ocrx_word' id='word_1_353' title='bbox 0 0 1399 4720; x_wconf 95' lang='lat' dir='ltr'><strong> </strong></span> 
     </span>
    </p>
   </div>
  </div>
 </body>
</html>
