<?xml version="1.0" encoding="UTF-8"?>
<!DOCTYPE html PUBLIC "-//W3C//DTD XHTML 1.0 Transitional//EN"
    "http://www.w3.org/TR/xhtml1/DTD/xhtml1-transitional.dtd">
<html xmlns="http://www.w3.org/1999/xhtml" xml:lang="en" lang="en">
 <head>
  <title>
</title>
<meta http-equiv="Content-Type" content="text/html;charset=utf-8" />
  <meta name='ocr-system' content='tesseract 3.04.00' />
  <meta name='ocr-capabilities' content='ocr_page ocr_carea ocr_par ocr_line ocrx_word'/>
</head>
<body>
  <div class='ocr_page' id='page_1' title='image "./titilivirerumro02alscgoog_0581.png"; bbox 0 0 2750 4720; ppageno 0'>
   <div class='ocr_carea' id='block_1_1' title="bbox 214 273 844 349">
    <p class='ocr_par' dir='ltr' id='par_1_1' title="bbox 214 273 844 349">
     <span class='ocr_line' id='line_1_1' title="bbox 214 273 844 349; baseline 0.01 -6"><span class='ocrx_word' id='word_1_1' title='bbox 214 273 280 343; x_wconf 75' lang='grc'><strong>568</strong></span> <span class='ocrx_word' id='word_1_2' title='bbox 618 335 622 342; x_wconf 96' lang='grc'>.</span> <span class='ocrx_word' id='word_1_3' title='bbox 686 287 794 348; x_wconf 76' lang='lat' dir='ltr'><strong>tmen</strong></span> <span class='ocrx_word' id='word_1_4' title='bbox 811 287 844 349; x_wconf 80' lang='lat' dir='ltr'><strong>V.</strong></span> 
     </span>
    </p>
   </div>
   <div class='ocr_carea' id='block_1_2' title="bbox 215 436 1342 872">
    <p class='ocr_par' dir='ltr' id='par_1_2' title="bbox 215 436 1342 872">
     <span class='ocr_line' id='line_1_2' title="bbox 215 436 1342 544; baseline 0.004 -26"><span class='ocrx_word' id='word_1_5' title='bbox 215 450 318 518; x_wconf 87' lang='lat' dir='ltr'><strong>manis</strong></span> <span class='ocrx_word' id='word_1_6' title='bbox 345 445 563 534; x_wconf 79' lang='lat' dir='ltr'><strong>dirrricatums,</strong></span> <span class='ocrx_word' id='word_1_7' title='bbox 596 462 633 520; x_wconf 91' lang='lat' dir='ltr'><strong>nt</strong></span> <span class='ocrx_word' id='word_1_8' title='bbox 659 453 803 520; x_wconf 72' lang='lat' dir='ltr'><strong>nundare</strong></span> <span class='ocrx_word' id='word_1_9' title='bbox 830 436 963 520; x_wconf 81' lang='lat' dir='ltr'><strong>domum</strong></span> <span class='ocrx_word' id='word_1_10' title='bbox 993 462 1127 543; x_wconf 88' lang='lat' dir='ltr'><strong>possent</strong></span> <span class='ocrx_word' id='word_1_11' title='bbox 1161 465 1342 544; x_wconf 81' lang='lat' dir='ltr'><strong>quantum</strong></span> 
     </span>
     <span class='ocr_line' id='line_1_3' title="bbox 216 555 1340 648; baseline 0.004 -26"><span class='ocrx_word' id='word_1_12' title='bbox 216 555 299 622; x_wconf 88' lang='lat' dir='ltr'><strong>Galli</strong></span> <span class='ocrx_word' id='word_1_13' title='bbox 320 555 435 624; x_wconf 79' lang='lat' dir='ltr'><strong>virtute</strong></span> <span class='ocrx_word' id='word_1_14' title='bbox 460 567 584 624; x_wconf 88' lang='lat' dir='ltr'><strong>ceteros</strong></span> <span class='ocrx_word' id='word_1_15' title='bbox 605 557 756 626; x_wconf 77' lang='lat' dir='ltr'><strong>mortales</strong></span> <span class='ocrx_word' id='word_1_16' title='bbox 783 567 988 648; x_wconf 75' lang='lat' dir='ltr'><strong>praestarent.</strong></span> <span class='ocrx_word' id='word_1_17' title='bbox 1025 557 1198 648; x_wconf 84' lang='lat' dir='ltr'><strong>quodnam</strong></span> <span class='ocrx_word' id='word_1_18' title='bbox 1225 559 1266 624; x_wconf 91' lang='lat' dir='ltr'><strong>id</strong></span> <span class='ocrx_word' id='word_1_19' title='bbox 1293 559 1340 626; x_wconf 85' lang='lat' dir='ltr'><strong>ius</strong></span> 
     </span>
     <span class='ocr_line' id='line_1_4' title="bbox 218 661 1341 754; baseline 0.004 -27"><span class='ocrx_word' id='word_1_20' title='bbox 218 669 437 751; x_wconf 81' lang='lat' dir='ltr'><strong>essetagrum</strong></span> <span class='ocrx_word' id='word_1_21' title='bbox 458 661 736 754; x_wconf 74' lang='lat' dir='ltr'><strong>:possessoribus</strong></span> <span class='ocrx_word' id='word_1_22' title='bbox 758 671 868 753; x_wconf 89' lang='lat' dir='ltr'><strong>petere</strong></span> <span class='ocrx_word' id='word_1_23' title='bbox 889 673 945 730; x_wconf 90' lang='lat' dir='ltr'><strong>aut</strong></span> <span class='ocrx_word' id='word_1_24' title='bbox 965 661 1076 730; x_wconf 90' lang='lat' dir='ltr'><strong>minari</strong></span> <span class='ocrx_word' id='word_1_25' title='bbox 1098 686 1193 730; x_wconf 86' lang='lat' dir='ltr'><strong>arma</strong></span> <span class='ocrx_word' id='word_1_26' title='bbox 1212 663 1341 732; x_wconf 75' lang='lat' dir='ltr'><strong>Roma</strong></span> 
     </span>
     <span class='ocr_line' id='line_1_5' title="bbox 216 763 1338 872; baseline 0.005 -40"><span class='ocrx_word' id='word_1_27' title='bbox 216 763 266 832; x_wconf 88' lang='lat' dir='ltr'><strong>nis</strong></span> <span class='ocrx_word' id='word_1_28' title='bbox 288 763 528 856; x_wconf 77' lang='lat' dir='ltr'><strong>quaerentibus,</strong></span> <span class='ocrx_word' id='word_1_29' title='bbox 561 775 594 834; x_wconf 92' lang='lat' dir='ltr'><strong>et</strong></span> <span class='ocrx_word' id='word_1_30' title='bbox 615 766 692 872; x_wconf 91' lang='lat' dir='ltr'><strong>quid</strong></span> <span class='ocrx_word' id='word_1_31' title='bbox 712 765 744 834; x_wconf 91' lang='lat' dir='ltr'><strong>in</strong></span> <span class='ocrx_word' id='word_1_32' title='bbox 766 765 891 834; x_wconf 87' lang='lat' dir='ltr'><strong>Etruria</strong></span> <span class='ocrx_word' id='word_1_33' title='bbox 918 766 965 834; x_wconf 91' lang='lat' dir='ltr'><strong>rei</strong></span> <span class='ocrx_word' id='word_1_34' title='bbox 986 765 1085 834; x_wconf 90' lang='lat' dir='ltr'><strong>Gallis</strong></span> <span class='ocrx_word' id='word_1_35' title='bbox 1112 779 1228 853; x_wconf 89' lang='lat' dir='ltr'><strong>esset,</strong></span> <span class='ocrx_word' id='word_1_36' title='bbox 1260 795 1338 837; x_wconf 88' lang='lat' dir='ltr'><strong>cum</strong></span> 
     </span>
    </p>
   </div>
   <div class='ocr_carea' id='block_1_3' title="bbox 50 866 1336 948">
    <p class='ocr_par' dir='ltr' id='par_1_3' title="bbox 50 866 1336 948">
     <span class='ocr_line' id='line_1_6' title="bbox 50 866 1336 948; baseline 0.003 -10"><span class='ocrx_word' id='word_1_37' title='bbox 50 935 54 948; x_wconf 70' lang='grc'><strong>,</strong></span> <span class='ocrx_word' id='word_1_38' title='bbox 181 866 375 938; x_wconf 79' lang='lat' dir='ltr'><strong>ttillisein</strong></span> <span class='ocrx_word' id='word_1_39' title='bbox 397 871 667 940; x_wconf 86' lang='lat' dir='ltr'><strong>armisiuslerre</strong></span> <span class='ocrx_word' id='word_1_40' title='bbox 690 871 851 940; x_wconf 90' lang='lat' dir='ltr'><strong>etomnia</strong></span> <span class='ocrx_word' id='word_1_41' title='bbox 873 870 1158 940; x_wconf 87' lang='lat' dir='ltr'><strong>lortiumvirorum</strong></span> <span class='ocrx_word' id='word_1_42' title='bbox 1182 875 1336 942; x_wconf 76' lang='lat' dir='ltr'><strong>essese</strong></span> 
     </span>
    </p>
   </div>
   <div class='ocr_carea' id='block_1_4' title="bbox 79 973 1360 2964">
    <p class='ocr_par' dir='ltr' id='par_1_4' title="bbox 79 969 1360 2964">
     <span class='ocr_line' id='line_1_7' title="bbox 218 973 1360 1112; baseline 0.004 -70"><span class='ocrx_word' id='word_1_43' title='bbox 218 973 336 1042; x_wconf 81' lang='lat' dir='ltr'><strong>r&#39;oeiter</strong></span> <span class='ocrx_word' id='word_1_44' title='bbox 357 974 512 1058; x_wconf 80' lang='lat' dir='ltr'><strong>dicerent,</strong></span> <span class='ocrx_word' id='word_1_45' title='bbox 534 975 675 1044; x_wconf 84' lang='lat' dir='ltr'><strong>accensis</strong></span> <span class='ocrx_word' id='word_1_46' title='bbox 690 975 850 1066; x_wconf 85' lang='lat' dir='ltr'><strong>utrimque</strong></span> <span class='ocrx_word' id='word_1_47' title='bbox 872 975 982 1044; x_wconf 77' lang='lat' dir='ltr'><strong>animis</strong></span> <span class='ocrx_word' id='word_1_48' title='bbox 1004 977 1045 1043; x_wconf 92' lang='lat' dir='ltr'><strong>ad</strong></span> <span class='ocrx_word' id='word_1_49' title='bbox 1066 1001 1155 1044; x_wconf 87' lang='lat' dir='ltr'><strong>anna</strong></span> <span class='ocrx_word' id='word_1_50' title='bbox 1178 979 1335 1048; x_wconf 83' lang='lat' dir='ltr'><strong>discruti-</strong></span> <span class='ocrx_word' id='word_1_51' title='bbox 1358 993 1360 1112; x_wconf 46' lang='grc' dir='ltr'><strong>ι</strong></span> 
     </span>
     <span class='ocr_line' id='line_1_8' title="bbox 218 1079 1335 1173; baseline 0.005 -27"><span class='ocrx_word' id='word_1_52' title='bbox 218 1087 270 1146; x_wconf 87' lang='lat' dir='ltr'><strong>tur</strong></span> <span class='ocrx_word' id='word_1_53' title='bbox 297 1090 330 1148; x_wconf 88' lang='lat' dir='ltr'><strong>et</strong></span> <span class='ocrx_word' id='word_1_54' title='bbox 355 1080 513 1171; x_wconf 90' lang='lat' dir='ltr'><strong>proelium</strong></span> <span class='ocrx_word' id='word_1_55' title='bbox 541 1080 725 1149; x_wconf 89' lang='lat' dir='ltr'><strong>conseritur.</strong></span> <span class='ocrx_word' id='word_1_56' title='bbox 767 1079 878 1150; x_wconf 83' lang='lat' dir='ltr'><strong>ibi-</strong></span> <span class='ocrx_word' id='word_1_57' title='bbox 903 1081 968 1148; x_wconf 81' lang='lat' dir='ltr'><strong>ianr</strong></span> <span class='ocrx_word' id='word_1_58' title='bbox 991 1081 1178 1173; x_wconf 79' lang='lat' dir='ltr'><strong>urgentibus</strong></span> <span class='ocrx_word' id='word_1_59' title='bbox 1211 1083 1335 1152; x_wconf 73' lang='lat' dir='ltr'><strong>Rome</strong></span> 
     </span>
     <span class='ocr_line' id='line_1_9' title="bbox 218 1183 1333 1280; baseline 0.006 -30"><span class='ocrx_word' id='word_1_60' title='bbox 218 1185 294 1250; x_wconf 82' lang='lat' dir='ltr'><strong>nain</strong></span> <span class='ocrx_word' id='word_1_61' title='bbox 316 1183 430 1252; x_wconf 89' lang='lat' dir='ltr'><strong>urbem</strong></span> <span class='ocrx_word' id='word_1_62' title='bbox 451 1184 524 1252; x_wconf 90' lang='lat' dir='ltr'><strong>latis</strong></span> <span class='ocrx_word' id='word_1_63' title='bbox 538 1221 583 1234; x_wconf 92' lang='lat'><strong>·-</strong></span> <span class='ocrx_word' id='word_1_64' title='bbox 597 1183 694 1274; x_wconf 83' lang='lat' dir='ltr'><strong>legati</strong></span> <span class='ocrx_word' id='word_1_65' title='bbox 715 1196 825 1260; x_wconf 89' lang='lat' dir='ltr'><strong>contra</strong></span> <span class='ocrx_word' id='word_1_66' title='bbox 846 1186 897 1253; x_wconf 89' lang='lat' dir='ltr'><strong>ius</strong></span> <span class='ocrx_word' id='word_1_67' title='bbox 919 1185 1060 1276; x_wconf 81' lang='lat' dir='ltr'><strong>gentium</strong></span> <span class='ocrx_word' id='word_1_68' title='bbox 1076 1209 1165 1254; x_wconf 91' lang='lat' dir='ltr'><strong>arma</strong></span> <span class='ocrx_word' id='word_1_69' title='bbox 1184 1189 1333 1280; x_wconf 89' lang='lat' dir='ltr'><strong>capiunt</strong></span> 
     </span>
     <span class='ocr_line' id='line_1_10' title="bbox 217 1287 1333 1380; baseline 0.007 -26"><span class='ocrx_word' id='word_1_70' title='bbox 217 1311 278 1356; x_wconf 89' lang='lat' dir='ltr'><strong>nec</strong></span> <span class='ocrx_word' id='word_1_71' title='bbox 299 1287 333 1355; x_wconf 94' lang='lat' dir='ltr'><strong>id</strong></span> <span class='ocrx_word' id='word_1_72' title='bbox 354 1289 437 1356; x_wconf 87' lang='lat' dir='ltr'><strong>clam</strong></span> <span class='ocrx_word' id='word_1_73' title='bbox 465 1310 535 1357; x_wconf 90' lang='lat' dir='ltr'><strong>esse</strong></span> <span class='ocrx_word' id='word_1_74' title='bbox 563 1289 683 1380; x_wconf 92' lang='lat' dir='ltr'><strong>potuit,</strong></span> <span class='ocrx_word' id='word_1_75' title='bbox 716 1311 790 1373; x_wconf 86' lang='lat' dir='ltr'><strong>cum</strong></span> <span class='ocrx_word' id='word_1_76' title='bbox 813 1301 885 1357; x_wconf 90' lang='lat' dir='ltr'><strong>ante</strong></span> <span class='ocrx_word' id='word_1_77' title='bbox 913 1289 1001 1380; x_wconf 75' lang='lat' dir='ltr'><strong>signa</strong></span> <span class='ocrx_word' id='word_1_78' title='bbox 1022 1288 1242 1360; x_wconf 78' lang='lat' dir='ltr'><strong>Etruscorum</strong></span> <span class='ocrx_word' id='word_1_79' title='bbox 1267 1305 1333 1362; x_wconf 87' lang='lat' dir='ltr'><strong>tres</strong></span> 
     </span>
     <span class='ocr_line' id='line_1_11' title="bbox 170 1390 1331 1486; baseline 0.005 -26"><span class='ocrx_word' id='word_1_80' title='bbox 170 1405 206 1462; x_wconf 80' lang='lat' dir='ltr'><strong>ro</strong></span> <span class='ocrx_word' id='word_1_81' title='bbox 217 1390 402 1460; x_wconf 90' lang='lat' dir='ltr'><strong>nobilissimi</strong></span> <span class='ocrx_word' id='word_1_82' title='bbox 424 1393 649 1485; x_wconf 78' lang='lat' dir='ltr'><strong>fortissimique</strong></span> <span class='ocrx_word' id='word_1_83' title='bbox 662 1392 826 1460; x_wconf 80' lang='lat' dir='ltr'><strong>Romanae</strong></span> <span class='ocrx_word' id='word_1_84' title='bbox 847 1393 1018 1462; x_wconf 89' lang='lat' dir='ltr'><strong>iuventutis</strong></span> <span class='ocrx_word' id='word_1_85' title='bbox 1039 1409 1240 1486; x_wconf 80' lang='lat' dir='ltr'><strong>pugnarent:</strong></span> <span class='ocrx_word' id='word_1_86' title='bbox 1266 1409 1331 1465; x_wconf 84' lang='lat' dir='ltr'><strong>tan</strong></span> 
     </span>
     <span class='ocr_line' id='line_1_12' title="bbox 217 1496 1360 1619; baseline 0.006 -55"><span class='ocrx_word' id='word_1_87' title='bbox 217 1506 288 1564; x_wconf 89' lang='lat' dir='ltr'><strong>tum</strong></span> <span class='ocrx_word' id='word_1_88' title='bbox 309 1497 471 1568; x_wconf 82' lang='lat' dir='ltr'><strong>eminebat</strong></span> <span class='ocrx_word' id='word_1_89' title='bbox 490 1499 655 1590; x_wconf 80' lang='lat' dir='ltr'><strong>peregrina</strong></span> <span class='ocrx_word' id='word_1_90' title='bbox 675 1497 789 1565; x_wconf 83' lang='lat' dir='ltr'><strong>virtus:</strong></span> <span class='ocrx_word' id='word_1_91' title='bbox 823 1498 900 1590; x_wconf 90' lang='lat' dir='ltr'><strong>quin</strong></span> <span class='ocrx_word' id='word_1_92' title='bbox 928 1498 1023 1568; x_wconf 85' lang='lat' dir='ltr'><strong>ctiam</strong></span> <span class='ocrx_word' id='word_1_93' title='bbox 1044 1499 1084 1586; x_wconf 82' lang='lat' dir='ltr'><strong>Q.</strong></span> <span class='ocrx_word' id='word_1_94' title='bbox 1107 1496 1233 1569; x_wconf 85' lang='lat' dir='ltr'><strong>Fabius</strong></span> <span class='ocrx_word' id='word_1_95' title='bbox 1258 1525 1330 1570; x_wconf 87' lang='lat' dir='ltr'><strong>eve·</strong></span> <span class='ocrx_word' id='word_1_96' title='bbox 1358 1569 1360 1619; x_wconf 66' lang='grc' dir='ltr'>Ι</span> 
     </span>
     <span class='ocr_line' id='line_1_13' title="bbox 218 1601 1360 1696; baseline 0.005 -26"><span class='ocrx_word' id='word_1_97' title='bbox 218 1611 289 1670; x_wconf 83' lang='lat' dir='ltr'><strong>etus</strong></span> <span class='ocrx_word' id='word_1_98' title='bbox 312 1613 400 1672; x_wconf 82' lang='lat' dir='ltr'><strong>extra</strong></span> <span class='ocrx_word' id='word_1_99' title='bbox 423 1604 526 1674; x_wconf 88' lang='lat' dir='ltr'><strong>aciem</strong></span> <span class='ocrx_word' id='word_1_100' title='bbox 548 1624 634 1696; x_wconf 89' lang='lat' dir='ltr'><strong>equo</strong></span> <span class='ocrx_word' id='word_1_101' title='bbox 655 1603 772 1671; x_wconf 89' lang='lat' dir='ltr'><strong>ducem</strong></span> <span class='ocrx_word' id='word_1_102' title='bbox 786 1601 952 1670; x_wconf 84' lang='lat' dir='ltr'><strong>Gallorum</strong></span> <span class='ocrx_word' id='word_1_103' title='bbox 973 1601 1121 1672; x_wconf 81' lang='lat' dir='ltr'><strong>ferociter</strong></span> <span class='ocrx_word' id='word_1_104' title='bbox 1140 1603 1176 1672; x_wconf 94' lang='lat' dir='ltr'><strong>in</strong></span> <span class='ocrx_word' id='word_1_105' title='bbox 1197 1605 1278 1696; x_wconf 88' lang='lat' dir='ltr'><strong>ipsa</strong></span> <span class='ocrx_word' id='word_1_106' title='bbox 1294 1607 1329 1675; x_wconf 83' lang='lat' dir='ltr'><strong>si</strong></span> <span class='ocrx_word' id='word_1_107' title='bbox 1358 1629 1360 1660; x_wconf 81' lang='lat'>¹</span> 
     </span>
     <span class='ocr_line' id='line_1_14' title="bbox 217 1707 1329 1799; baseline 0.005 -25"><span class='ocrx_word' id='word_1_108' title='bbox 217 1731 279 1798; x_wconf 81' lang='lat' dir='ltr'><strong>gna</strong></span> <span class='ocrx_word' id='word_1_109' title='bbox 297 1707 507 1778; x_wconf 82' lang='lat' dir='ltr'><strong>Emrscorum</strong></span> <span class='ocrx_word' id='word_1_110' title='bbox 526 1709 739 1778; x_wconf 87' lang='lat' dir='ltr'><strong>incursantem</strong></span> <span class='ocrx_word' id='word_1_111' title='bbox 761 1731 819 1799; x_wconf 89' lang='lat' dir='ltr'><strong>per</strong></span> <span class='ocrx_word' id='word_1_112' title='bbox 840 1707 923 1776; x_wconf 89' lang='lat' dir='ltr'><strong>latus</strong></span> <span class='ocrx_word' id='word_1_113' title='bbox 944 1709 1131 1779; x_wconf 83' lang='lat' dir='ltr'><strong>transfixum</strong></span> <span class='ocrx_word' id='word_1_114' title='bbox 1153 1710 1254 1778; x_wconf 90' lang='lat' dir='ltr'><strong>hasta</strong></span> <span class='ocrx_word' id='word_1_115' title='bbox 1279 1735 1329 1780; x_wconf 87' lang='lat' dir='ltr'><strong>oe·</strong></span> 
     </span>
     <span class='ocr_line' id='line_1_15' title="bbox 129 1803 1327 1905; baseline 0 -21"><span class='ocrx_word' id='word_1_116' title='bbox 129 1810 162 1884; x_wconf 69' lang='lat'><strong>⁸.</strong></span> <span class='ocrx_word' id='word_1_117' title='bbox 218 1803 307 1881; x_wconf 85' lang='lat' dir='ltr'><strong>cidit:</strong></span> <span class='ocrx_word' id='word_1_118' title='bbox 329 1811 495 1905; x_wconf 85' lang='lat' dir='ltr'><strong>spoliaque</strong></span> <span class='ocrx_word' id='word_1_119' title='bbox 517 1814 585 1882; x_wconf 91' lang='lat' dir='ltr'><strong>eius</strong></span> <span class='ocrx_word' id='word_1_120' title='bbox 606 1813 767 1905; x_wconf 76' lang='lat' dir='ltr'><strong>legentem</strong></span> <span class='ocrx_word' id='word_1_121' title='bbox 789 1808 872 1880; x_wconf 90' lang='lat' dir='ltr'><strong>Galli</strong></span> <span class='ocrx_word' id='word_1_122' title='bbox 893 1825 1052 1904; x_wconf 71' lang='lat' dir='ltr'><strong>agnovere</strong></span> <span class='ocrx_word' id='word_1_123' title='bbox 1069 1829 1198 1905; x_wconf 78' lang='lat' dir='ltr'><strong>perque</strong></span> <span class='ocrx_word' id='word_1_124' title='bbox 1220 1827 1327 1884; x_wconf 88' lang='lat' dir='ltr'><strong>totam</strong></span> 
     </span>
     <span class='ocr_line' id='line_1_16' title="bbox 171 1917 1360 2010; baseline -0.006 -21"><span class='ocrx_word' id='word_1_125' title='bbox 171 1917 320 1992; x_wconf 76' lang='lat' dir='ltr'><strong>sordem</strong></span> <span class='ocrx_word' id='word_1_126' title='bbox 341 1918 526 1985; x_wconf 67' lang='lat' dir='ltr'><strong>Romanum⁴</strong></span> <span class='ocrx_word' id='word_1_127' title='bbox 550 1917 691 2010; x_wconf 82' lang='lat' dir='ltr'><strong>legatum</strong></span> <span class='ocrx_word' id='word_1_128' title='bbox 718 1939 789 1986; x_wconf 89' lang='lat' dir='ltr'><strong>esse</strong></span> <span class='ocrx_word' id='word_1_129' title='bbox 816 1917 941 2010; x_wconf 79' lang='lat' dir='ltr'><strong>signum</strong></span> <span class='ocrx_word' id='word_1_130' title='bbox 970 1918 1079 1985; x_wconf 91' lang='lat' dir='ltr'><strong>datum</strong></span> <span class='ocrx_word' id='word_1_131' title='bbox 1104 1930 1163 1987; x_wconf 86' lang='lat' dir='ltr'><strong>est.</strong></span> <span class='ocrx_word' id='word_1_132' title='bbox 1204 1923 1326 1988; x_wconf 89' lang='lat' dir='ltr'><strong>omissa</strong></span> <span class='ocrx_word' id='word_1_133' title='bbox 1358 1923 1360 1982; x_wconf 63' lang='lat'><strong>,¹</strong></span> 
     </span>
     <span class='ocr_line' id='line_1_17' title="bbox 101 2021 1327 2114; baseline 0.003 -26"><span class='ocrx_word' id='word_1_134' title='bbox 101 2099 105 2114; x_wconf 40' lang='grc' dir='ltr'>Ι</span> <span class='ocrx_word' id='word_1_135' title='bbox 217 2021 292 2092; x_wconf 91' lang='lat' dir='ltr'><strong>inde</strong></span> <span class='ocrx_word' id='word_1_136' title='bbox 323 2022 356 2092; x_wconf 90' lang='lat' dir='ltr'><strong>in</strong></span> <span class='ocrx_word' id='word_1_137' title='bbox 390 2022 537 2092; x_wconf 84' lang='lat' dir='ltr'><strong>Clusinos</strong></span> <span class='ocrx_word' id='word_1_138' title='bbox 569 2023 615 2090; x_wconf 89' lang='lat' dir='ltr'><strong>ira</strong></span> <span class='ocrx_word' id='word_1_139' title='bbox 648 2023 791 2114; x_wconf 87' lang='lat' dir='ltr'><strong>receptui</strong></span> <span class='ocrx_word' id='word_1_140' title='bbox 823 2033 942 2090; x_wconf 89' lang='lat' dir='ltr'><strong>canunt</strong></span> <span class='ocrx_word' id='word_1_141' title='bbox 973 2021 1130 2092; x_wconf 82' lang='lat' dir='ltr'><strong>minantes</strong></span> <span class='ocrx_word' id='word_1_142' title='bbox 1158 2024 1327 2092; x_wconf 86' lang='lat' dir='ltr'><strong>Romanis.</strong></span> 
     </span>
     <span class='ocr_line' id='line_1_18' title="bbox 219 2127 1325 2219; baseline 0.006 -28"><span class='ocrx_word' id='word_1_143' title='bbox 219 2135 309 2194; x_wconf 89' lang='lat' dir='ltr'><strong>erant</strong></span> <span class='ocrx_word' id='word_1_144' title='bbox 331 2127 386 2218; x_wconf 92' lang='lat' dir='ltr'><strong>qui</strong></span> <span class='ocrx_word' id='word_1_145' title='bbox 410 2127 573 2219; x_wconf 88' lang='lat' dir='ltr'><strong>extemplo</strong></span> <span class='ocrx_word' id='word_1_146' title='bbox 594 2127 733 2196; x_wconf 88' lang='lat' dir='ltr'><strong>Romam</strong></span> <span class='ocrx_word' id='word_1_147' title='bbox 760 2128 905 2214; x_wconf 79' lang='lat' dir='ltr'><strong>cundum</strong></span> <span class='ocrx_word' id='word_1_148' title='bbox 927 2139 1107 2198; x_wconf 89' lang='lat' dir='ltr'><strong>censerent:</strong></span> <span class='ocrx_word' id='word_1_149' title='bbox 1148 2129 1259 2198; x_wconf 88' lang='lat' dir='ltr'><strong>vicere</strong></span> <span class='ocrx_word' id='word_1_150' title='bbox 1280 2155 1325 2198; x_wconf 91' lang='lat' dir='ltr'><strong>se·</strong></span> 
     </span>
     <span class='ocr_line' id='line_1_19' title="bbox 217 2221 1324 2325; baseline 0.007 -33"><span class='ocrx_word' id='word_1_151' title='bbox 217 2229 324 2295; x_wconf 90' lang='lat' dir='ltr'><strong>niorcs</strong></span> <span class='ocrx_word' id='word_1_152' title='bbox 345 2241 382 2296; x_wconf 94' lang='lat' dir='ltr'><strong>ut</strong></span> <span class='ocrx_word' id='word_1_153' title='bbox 403 2221 498 2320; x_wconf 80' lang='lat' dir='ltr'><strong>legati</strong></span> <span class='ocrx_word' id='word_1_154' title='bbox 519 2231 607 2322; x_wconf 92' lang='lat' dir='ltr'><strong>prius</strong></span> <span class='ocrx_word' id='word_1_155' title='bbox 635 2232 835 2299; x_wconf 87' lang='lat' dir='ltr'><strong>mitterentur</strong></span> <span class='ocrx_word' id='word_1_156' title='bbox 861 2245 1023 2322; x_wconf 85' lang='lat' dir='ltr'><strong>questum-</strong></span> <span class='ocrx_word' id='word_1_157' title='bbox 1038 2232 1166 2312; x_wconf 83' lang='lat' dir='ltr'><strong>iniurias</strong></span> <span class='ocrx_word' id='word_1_158' title='bbox 1183 2234 1324 2325; x_wconf 89' lang='lat' dir='ltr'><strong>postula·</strong></span> 
     </span>
     <span class='ocr_line' id='line_1_20' title="bbox 218 2331 1323 2426; baseline 0.006 -29"><span class='ocrx_word' id='word_1_159' title='bbox 218 2341 351 2423; x_wconf 91' lang='lat' dir='ltr'><strong>tumque</strong></span> <span class='ocrx_word' id='word_1_160' title='bbox 377 2345 414 2400; x_wconf 89' lang='lat' dir='ltr'><strong>ut</strong></span> <span class='ocrx_word' id='word_1_161' title='bbox 440 2358 499 2424; x_wconf 90' lang='lat' dir='ltr'><strong>pro</strong></span> <span class='ocrx_word' id='word_1_162' title='bbox 526 2335 594 2401; x_wconf 90' lang='lat' dir='ltr'><strong>iure</strong></span> <span class='ocrx_word' id='word_1_163' title='bbox 617 2336 759 2426; x_wconf 78' lang='lat' dir='ltr'><strong>gentium</strong></span> <span class='ocrx_word' id='word_1_164' title='bbox 785 2331 1016 2406; x_wconf 77' lang='lat' dir='ltr'><strong>violato&#39;Fabii</strong></span> <span class='ocrx_word' id='word_1_165' title='bbox 1040 2339 1246 2406; x_wconf 85' lang='lat' dir='ltr'><strong>dederentur.</strong></span> <span class='ocrx_word' id='word_1_166' title='bbox 1283 2339 1323 2405; x_wconf 92' lang='lat' dir='ltr'><strong>le·</strong></span> 
     </span>
     <span class='ocr_line' id='line_1_21' title="bbox 79 2435 1322 2534; baseline 0.002 -26"><span class='ocrx_word' id='word_1_167' title='bbox 79 2460 81 2471; x_wconf 85' lang='grc'><strong>’</strong></span> <span class='ocrx_word' id='word_1_168' title='bbox 171 2436 282 2528; x_wconf 71' lang='lat' dir='ltr'><strong>togati</strong></span> <span class='ocrx_word' id='word_1_169' title='bbox 304 2435 471 2506; x_wconf 91' lang='lat' dir='ltr'><strong>Gallorum</strong></span> <span class='ocrx_word' id='word_1_170' title='bbox 500 2463 575 2508; x_wconf 84' lang='lat' dir='ltr'><strong>cunr</strong></span> <span class='ocrx_word' id='word_1_171' title='bbox 605 2464 642 2507; x_wconf 90' lang='lat' dir='ltr'><strong>ea</strong></span> <span class='ocrx_word' id='word_1_172' title='bbox 664 2439 710 2508; x_wconf 91' lang='lat' dir='ltr'><strong>sio</strong></span> <span class='ocrx_word' id='word_1_173' title='bbox 738 2451 775 2508; x_wconf 94' lang='lat' dir='ltr'><strong>ut</strong></span> <span class='ocrx_word' id='word_1_174' title='bbox 797 2453 886 2510; x_wconf 89' lang='lat' dir='ltr'><strong>erant</strong></span> <span class='ocrx_word' id='word_1_175' title='bbox 912 2445 1059 2512; x_wconf 90' lang='lat' dir='ltr'><strong>mandata</strong></span> <span class='ocrx_word' id='word_1_176' title='bbox 1089 2444 1322 2534; x_wconf 83' lang='lat' dir='ltr'><strong>exposuissent,</strong></span> 
     </span>
     <span class='ocr_line' id='line_1_22' title="bbox 221 2543 1360 2638; baseline 0.004 -27"><span class='ocrx_word' id='word_1_177' title='bbox 221 2544 345 2612; x_wconf 85' lang='lat' dir='ltr'><strong>senatui</strong></span> <span class='ocrx_word' id='word_1_178' title='bbox 366 2568 428 2612; x_wconf 90' lang='lat' dir='ltr'><strong>nec</strong></span> <span class='ocrx_word' id='word_1_179' title='bbox 447 2543 569 2613; x_wconf 88' lang='lat' dir='ltr'><strong>factum</strong></span> <span class='ocrx_word' id='word_1_180' title='bbox 590 2545 737 2638; x_wconf 86' lang='lat' dir='ltr'><strong>placebat</strong></span> <span class='ocrx_word' id='word_1_181' title='bbox 752 2545 924 2616; x_wconf 80' lang='lat' dir='ltr'><strong>Fabiorum</strong></span> <span class='ocrx_word' id='word_1_182' title='bbox 945 2549 1047 2616; x_wconf 90' lang='lat' dir='ltr'><strong>etius</strong></span> <span class='ocrx_word' id='word_1_183' title='bbox 1068 2547 1234 2638; x_wconf 86' lang='lat' dir='ltr'><strong>postulare</strong></span> <span class='ocrx_word' id='word_1_184' title='bbox 1256 2550 1323 2616; x_wconf 75' lang='lat' dir='ltr'><strong>ban</strong></span> <span class='ocrx_word' id='word_1_185' title='bbox 1359 2633 1360 2638; x_wconf 8' lang='grc' dir='ltr'>ἵ</span> 
     </span>
     <span class='ocr_line' id='line_1_23' title="bbox 219 2647 1360 2758; baseline 0.004 -44"><span class='ocrx_word' id='word_1_186' title='bbox 219 2647 289 2714; x_wconf 90' lang='lat' dir='ltr'><strong>bari</strong></span> <span class='ocrx_word' id='word_1_187' title='bbox 310 2648 512 2717; x_wconf 85' lang='lat' dir='ltr'><strong>videbantur:</strong></span> <span class='ocrx_word' id='word_1_188' title='bbox 534 2651 593 2718; x_wconf 91' lang='lat' dir='ltr'><strong>scd</strong></span> <span class='ocrx_word' id='word_1_189' title='bbox 614 2676 654 2720; x_wconf 93' lang='lat' dir='ltr'><strong>ne</strong></span> <span class='ocrx_word' id='word_1_190' title='bbox 676 2652 709 2718; x_wconf 91' lang='lat' dir='ltr'><strong>id</strong></span> <span class='ocrx_word' id='word_1_191' title='bbox 730 2654 819 2742; x_wconf 91' lang='lat' dir='ltr'><strong>quod</strong></span> <span class='ocrx_word' id='word_1_192' title='bbox 834 2652 981 2743; x_wconf 85' lang='lat' dir='ltr'><strong>placebat</strong></span> <span class='ocrx_word' id='word_1_193' title='bbox 997 2653 1183 2722; x_wconf 88' lang='lat' dir='ltr'><strong>decerneret</strong></span> <span class='ocrx_word' id='word_1_194' title='bbox 1202 2652 1238 2719; x_wconf 90' lang='lat' dir='ltr'><strong>in</strong></span> <span class='ocrx_word' id='word_1_195' title='bbox 1254 2663 1319 2720; x_wconf 91' lang='lat' dir='ltr'><strong>tan·</strong></span> <span class='ocrx_word' id='word_1_196' title='bbox 1359 2729 1360 2758; x_wconf 67' lang='lat'><strong>,</strong></span> 
     </span>
     <span class='ocr_line' id='line_1_24' title="bbox 222 2753 1360 2848; baseline 0.011 -30"><span class='ocrx_word' id='word_1_197' title='bbox 222 2763 275 2819; x_wconf 92' lang='lat' dir='ltr'><strong>tae</strong></span> <span class='ocrx_word' id='word_1_198' title='bbox 297 2753 469 2821; x_wconf 89' lang='lat' dir='ltr'><strong>nobilitatis</strong></span> <span class='ocrx_word' id='word_1_199' title='bbox 490 2753 563 2823; x_wconf 90' lang='lat' dir='ltr'><strong>viris</strong></span> <span class='ocrx_word' id='word_1_200' title='bbox 586 2756 715 2824; x_wconf 87' lang='lat' dir='ltr'><strong>ambitio</strong></span> <span class='ocrx_word' id='word_1_201' title='bbox 738 2756 894 2826; x_wconf 87' lang='lat' dir='ltr'><strong>obstabat.</strong></span> <span class='ocrx_word' id='word_1_202' title='bbox 930 2757 1038 2848; x_wconf 89' lang='lat' dir='ltr'><strong>itaque</strong></span> <span class='ocrx_word' id='word_1_203' title='bbox 1060 2777 1216 2848; x_wconf 71' lang='lat' dir='ltr'><strong>ne&#39;penes</strong></span> <span class='ocrx_word' id='word_1_204' title='bbox 1233 2757 1319 2847; x_wconf 87' lang='lat' dir='ltr'><strong>ipsos</strong></span> <span class='ocrx_word' id='word_1_205' title='bbox 1359 2773 1360 2808; x_wconf 66' lang='lat' dir='ltr'><strong>l</strong></span> 
     </span>
     <span class='ocr_line' id='line_1_25' title="bbox 221 2856 1316 2964; baseline 0.006 -42"><span class='ocrx_word' id='word_1_206' title='bbox 221 2856 314 2946; x_wconf 84' lang='lat' dir='ltr'><strong>crdpa</strong></span> <span class='ocrx_word' id='word_1_207' title='bbox 335 2869 419 2928; x_wconf 89' lang='lat' dir='ltr'><strong>esset</strong></span> <span class='ocrx_word' id='word_1_208' title='bbox 441 2859 538 2926; x_wconf 88' lang='lat' dir='ltr'><strong>cladis</strong></span> <span class='ocrx_word' id='word_1_209' title='bbox 559 2860 643 2928; x_wconf 84' lang='lat' dir='ltr'><strong>forte</strong></span> <span class='ocrx_word' id='word_1_210' title='bbox 665 2861 786 2964; x_wconf 80' lang='lat' dir='ltr'><strong>Gallico</strong></span> <span class='ocrx_word' id='word_1_211' title='bbox 809 2861 895 2928; x_wconf 88' lang='lat' dir='ltr'><strong>bello</strong></span> <span class='ocrx_word' id='word_1_212' title='bbox 917 2873 1082 2953; x_wconf 85' lang='lat' dir='ltr'><strong>acceptae,</strong></span> <span class='ocrx_word' id='word_1_213' title='bbox 1105 2861 1316 2953; x_wconf 80' lang='lat' dir='ltr'><strong>cognitionem</strong></span> 
     </span>
    </p>
   </div>
   <div class='ocr_carea' id='block_1_5' title="bbox 223 3021 1360 4134">
    <p class='ocr_par' dir='ltr' id='par_1_5' title="bbox 280 3021 1316 3105">
     <span class='ocr_line' id='line_1_26' title="bbox 280 3021 1316 3105; baseline 0.009 -29"><span class='ocrx_word' id='word_1_214' title='bbox 280 3021 343 3077; x_wconf 87' lang='lat' dir='ltr'><strong>dem</strong></span> <span class='ocrx_word' id='word_1_215' title='bbox 369 3025 430 3079; x_wconf 84' lang='lat' dir='ltr'><strong>istis</strong></span> <span class='ocrx_word' id='word_1_216' title='bbox 454 3023 589 3082; x_wconf 78' lang='lat' dir='ltr'><strong>ferocibus</strong></span> <span class='ocrx_word' id='word_1_217' title='bbox 615 3027 733 3082; x_wconf 81' lang='lat' dir='ltr'><strong>animis“</strong></span> <span class='ocrx_word' id='word_1_218' title='bbox 805 3029 848 3088; x_wconf 79' lang='lat'><strong>18.</strong></span> <span class='ocrx_word' id='word_1_219' title='bbox 862 3029 1124 3105; x_wconf 78' lang='lat' dir='ltr'><strong>postulatumque:</strong></span> <span class='ocrx_word' id='word_1_220' title='bbox 1146 3027 1219 3086; x_wconf 83' lang='lat' dir='ltr'><strong>Plo.</strong></span> <span class='ocrx_word' id='word_1_221' title='bbox 1238 3029 1263 3086; x_wconf 71' lang='lat'><strong>2.</strong></span> <span class='ocrx_word' id='word_1_222' title='bbox 1280 3026 1316 3085; x_wconf 79' lang='grc' dir='ltr'><strong>Μ.</strong></span> 
     </span>
    </p>

    <p class='ocr_par' dir='ltr' id='par_1_6' title="bbox 234 3109 1315 3364">
     <span class='ocr_line' id='line_1_27' title="bbox 234 3109 1315 3193; baseline 0.01 -30"><span class='ocrx_word' id='word_1_223' title='bbox 234 3119 238 3128; x_wconf 85' lang='grc'><em>“</em></span> <span class='ocrx_word' id='word_1_224' title='bbox 281 3109 398 3185; x_wconf 78' lang='lat' dir='ltr'><strong>scripsit</strong></span> <span class='ocrx_word' id='word_1_225' title='bbox 416 3109 521 3175; x_wconf 78' lang='lat' dir='ltr'><strong>solebat</strong></span> <span class='ocrx_word' id='word_1_226' title='bbox 538 3113 608 3168; x_wconf 88' lang='lat' dir='ltr'><strong>enim</strong></span> <span class='ocrx_word' id='word_1_227' title='bbox 627 3113 661 3168; x_wconf 89' lang='lat' dir='ltr'><strong>ad</strong></span> <span class='ocrx_word' id='word_1_228' title='bbox 674 3133 733 3169; x_wconf 89' lang='lat' dir='ltr'><strong>ora·</strong></span> <span class='ocrx_word' id='word_1_229' title='bbox 866 3145 900 3156; x_wconf 92' lang='lat'>-</span> <span class='ocrx_word' id='word_1_230' title='bbox 922 3111 945 3170; x_wconf 89' lang='lat' dir='ltr'>P</span> <span class='ocrx_word' id='word_1_231' title='bbox 967 3133 1002 3174; x_wconf 87' lang='grc' dir='ltr'><strong>ιιι.</strong></span> <span class='ocrx_word' id='word_1_232' title='bbox 1027 3119 1064 3174; x_wconf 87' lang='lat' dir='ltr'><strong>l.:</strong></span> <span class='ocrx_word' id='word_1_233' title='bbox 1088 3114 1259 3193; x_wconf 81' lang='lat' dir='ltr'><strong>postulatum.</strong></span> <span class='ocrx_word' id='word_1_234' title='bbox 1282 3147 1315 3174; x_wconf 62' lang='grc' dir='ltr'><strong>τ</strong></span> 
     </span>
     <span class='ocr_line' id='line_1_28' title="bbox 280 3197 1234 3274; baseline 0.01 -22"><span class='ocrx_word' id='word_1_235' title='bbox 280 3197 364 3253; x_wconf 83' lang='lat' dir='ltr'><strong>tionis</strong></span> <span class='ocrx_word' id='word_1_236' title='bbox 380 3198 436 3255; x_wconf 78' lang='lat' dir='ltr'><strong>vim</strong></span> <span class='ocrx_word' id='word_1_237' title='bbox 448 3198 606 3272; x_wconf 61' lang='lat' dir='ltr'><strong>aagendam*</strong></span> <span class='ocrx_word' id='word_1_238' title='bbox 611 3197 733 3274; x_wconf 86' lang='lat' dir='ltr'><strong>pluribus</strong></span> <span class='ocrx_word' id='word_1_239' title='bbox 866 3200 901 3258; x_wconf 85' lang='lat' dir='ltr'><strong>P:</strong></span> <span class='ocrx_word' id='word_1_240' title='bbox 920 3219 981 3258; x_wconf 87' lang='lat' dir='ltr'><strong>cum</strong></span> <span class='ocrx_word' id='word_1_241' title='bbox 998 3221 1046 3260; x_wconf 86' lang='lat' dir='ltr'><strong>eas</strong></span> <span class='ocrx_word' id='word_1_242' title='bbox 1064 3204 1135 3262; x_wconf 88' lang='lat' dir='ltr'><strong>sicut</strong></span> <span class='ocrx_word' id='word_1_243' title='bbox 1152 3211 1234 3262; x_wconf 88' lang='lat' dir='ltr'><strong>erant.</strong></span> 
     </span>
     <span class='ocr_line' id='line_1_29' title="bbox 282 3278 732 3364; baseline 0.013 -24"><span class='ocrx_word' id='word_1_244' title='bbox 282 3285 415 3344; x_wconf 83' lang='lat' dir='ltr'><strong>interdum</strong></span> <span class='ocrx_word' id='word_1_245' title='bbox 443 3278 648 3364; x_wconf 79' lang='lat' dir='ltr'><strong>prondminibua</strong></span> <span class='ocrx_word' id='word_1_246' title='bbox 685 3289 732 3348; x_wconf 85' lang='lat' dir='ltr'><strong>oti.</strong></span> 
     </span>
    </p>

    <p class='ocr_par' dir='ltr' id='par_1_7' title="bbox 231 3371 732 3602">
     <span class='ocr_line' id='line_1_30' title="bbox 231 3371 732 3442; baseline 0.012 -15"><span class='ocrx_word' id='word_1_247' title='bbox 231 3397 235 3407; x_wconf 89' lang='lat'>·</span> <span class='ocrx_word' id='word_1_248' title='bbox 281 3371 317 3430; x_wconf 84' lang='lat' dir='ltr'><strong>oi.</strong></span> <span class='ocrx_word' id='word_1_249' title='bbox 326 3374 352 3440; x_wconf 87' lang='lat'><strong>5,</strong></span> <span class='ocrx_word' id='word_1_250' title='bbox 361 3375 419 3433; x_wconf 64' lang='lat' dir='ltr'><strong>id:</strong></span> <span class='ocrx_word' id='word_1_251' title='bbox 437 3374 515 3442; x_wconf 88' lang='lat' dir='ltr'><strong>„boc</strong></span> <span class='ocrx_word' id='word_1_252' title='bbox 526 3373 639 3432; x_wconf 57' lang='lat' dir='ltr'><strong>idemf‘:</strong></span> <span class='ocrx_word' id='word_1_253' title='bbox 650 3375 685 3438; x_wconf 84' lang='lat' dir='ltr'><strong>at</strong></span> <span class='ocrx_word' id='word_1_254' title='bbox 697 3409 732 3418; x_wconf 96' lang='lat'>—</span> 
     </span>
     <span class='ocr_line' id='line_1_31' title="bbox 283 3456 732 3540; baseline 0.022 -28"><span class='ocrx_word' id='word_1_255' title='bbox 283 3456 732 3540; x_wconf 72' lang='lat' dir='ltr'><strong>Pilmtnuntr&#39;aredomumpoa·</strong></span> 
     </span>
     <span class='ocr_line' id='line_1_32' title="bbox 282 3555 356 3602; baseline 0.041 -3"><span class='ocrx_word' id='word_1_256' title='bbox 282 3555 356 3602; x_wconf 79' lang='lat' dir='ltr'><strong>sent.</strong></span> 
     </span>
    </p>

    <p class='ocr_par' dir='ltr' id='par_1_8' title="bbox 236 3630 1360 3971">
     <span class='ocr_line' id='line_1_33' title="bbox 236 3630 1313 3714; baseline 0.016 -32"><span class='ocrx_word' id='word_1_257' title='bbox 236 3630 264 3687; x_wconf 79' lang='lat'><strong>6.</strong></span> <span class='ocrx_word' id='word_1_258' title='bbox 281 3635 415 3689; x_wconf 78' lang='lat' dir='ltr'><strong>accensis</strong></span> <span class='ocrx_word' id='word_1_259' title='bbox 438 3639 585 3714; x_wconf 80' lang='lat' dir='ltr'><strong>utrimque</strong></span> <span class='ocrx_word' id='word_1_260' title='bbox 610 3640 733 3697; x_wconf 81' lang='lat' dir='ltr'><strong>animis:</strong></span> <span class='ocrx_word' id='word_1_261' title='bbox 804 3638 848 3695; x_wconf 64' lang='lat' dir='ltr'><strong>id.</strong></span> <span class='ocrx_word' id='word_1_262' title='bbox 866 3647 1016 3713; x_wconf 80' lang='lat' dir='ltr'><strong>acceptae:</strong></span> <span class='ocrx_word' id='word_1_263' title='bbox 1039 3639 1088 3696; x_wconf 80' lang='grc' dir='ltr'><strong>ΡΜ</strong></span> <span class='ocrx_word' id='word_1_264' title='bbox 1110 3639 1167 3700; x_wconf 86' lang='lat' dir='ltr'><strong>rell.</strong></span> <span class='ocrx_word' id='word_1_265' title='bbox 1191 3671 1224 3683; x_wconf 88' lang='lat'><strong>-</strong></span> <span class='ocrx_word' id='word_1_266' title='bbox 1248 3638 1313 3699; x_wconf 79' lang='lat' dir='ltr'><strong>Tan.</strong></span> 
     </span>
     <span class='ocr_line' id='line_1_34' title="bbox 273 3714 1360 3804; baseline 0.011 -33"><span class='ocrx_word' id='word_1_267' title='bbox 273 3714 338 3773; x_wconf 74' lang='lat' dir='ltr'><strong>Pili.</strong></span> <span class='ocrx_word' id='word_1_268' title='bbox 356 3745 392 3758; x_wconf 91' lang='lat'>-</span> <span class='ocrx_word' id='word_1_269' title='bbox 416 3717 456 3774; x_wconf 81' lang='lat' dir='ltr'><strong>tt:</strong></span> <span class='ocrx_word' id='word_1_270' title='bbox 476 3725 570 3779; x_wconf 88' lang='lat' dir='ltr'><strong>animis</strong></span> <span class='ocrx_word' id='word_1_271' title='bbox 586 3727 733 3799; x_wconf 80' lang='lat' dir='ltr'><strong>praelium</strong></span> <span class='ocrx_word' id='word_1_272' title='bbox 863 3724 950 3782; x_wconf 84' lang='lat' dir='ltr'><strong>Faber</strong></span> <span class='ocrx_word' id='word_1_273' title='bbox 961 3726 1312 3804; x_wconf 86' lang='lat' dir='ltr'><strong>malebat„accipiendae“:</strong></span> <span class='ocrx_word' id='word_1_274' title='bbox 1359 3735 1360 3738; x_wconf 77' lang='grc'>’</span> 
     </span>
     <span class='ocr_line' id='line_1_35' title="bbox 282 3802 1313 3892; baseline 0.012 -34"><span class='ocrx_word' id='word_1_275' title='bbox 282 3802 315 3859; x_wconf 88' lang='lat' dir='ltr'><strong>ad</strong></span> <span class='ocrx_word' id='word_1_276' title='bbox 333 3823 404 3860; x_wconf 84' lang='lat' dir='ltr'><strong>arma</strong></span> <span class='ocrx_word' id='word_1_277' title='bbox 423 3803 490 3863; x_wconf 84' lang='lat' dir='ltr'><strong>disc.</strong></span> <span class='ocrx_word' id='word_1_278' title='bbox 503 3817 553 3867; x_wconf 85' lang='lat' dir='ltr'><strong>cet.</strong></span> <span class='ocrx_word' id='word_1_279' title='bbox 566 3839 599 3852; x_wconf 92' lang='lat'><em>-</em></span> <span class='ocrx_word' id='word_1_280' title='bbox 612 3809 634 3868; x_wconf 89' lang='lat' dir='ltr'><strong>P</strong></span> <span class='ocrx_word' id='word_1_281' title='bbox 645 3833 680 3870; x_wconf 89' lang='lat' dir='ltr'><strong>m.</strong></span> <span class='ocrx_word' id='word_1_282' title='bbox 694 3815 734 3871; x_wconf 85' lang='lat' dir='ltr'><strong>l.:</strong></span> <span class='ocrx_word' id='word_1_283' title='bbox 866 3811 940 3888; x_wconf 85' lang='lat' dir='ltr'><strong>quod</strong></span> <span class='ocrx_word' id='word_1_284' title='bbox 956 3810 989 3872; x_wconf 87' lang='lat' dir='ltr'><strong>L.</strong></span> <span class='ocrx_word' id='word_1_285' title='bbox 1008 3834 1063 3872; x_wconf 89' lang='lat' dir='ltr'><strong>uon</strong></span> <span class='ocrx_word' id='word_1_286' title='bbox 1080 3815 1201 3892; x_wconf 86' lang='lat' dir='ltr'><strong>scripsit,</strong></span> <span class='ocrx_word' id='word_1_287' title='bbox 1224 3835 1257 3870; x_wconf 89' lang='lat' dir='ltr'><strong>ne</strong></span> <span class='ocrx_word' id='word_1_288' title='bbox 1275 3814 1313 3870; x_wconf 91' lang='lat' dir='ltr'><strong>di·</strong></span> 
     </span>
     <span class='ocr_line' id='line_1_36' title="bbox 283 3891 1312 3971; baseline 0.012 -25"><span class='ocrx_word' id='word_1_289' title='bbox 283 3892 327 3947; x_wconf 88' lang='lat' dir='ltr'><strong>ins</strong></span> <span class='ocrx_word' id='word_1_290' title='bbox 343 3891 457 3964; x_wconf 78' lang='lat' dir='ltr'><strong>gentius.</strong></span> <span class='ocrx_word' id='word_1_291' title='bbox 474 3913 510 3952; x_wconf 83' lang='lat' dir='ltr'><strong>nr.</strong></span> <span class='ocrx_word' id='word_1_292' title='bbox 527 3898 565 3953; x_wconf 54' lang='grc' dir='ltr'><strong>Ἅι</strong></span> <span class='ocrx_word' id='word_1_293' title='bbox 583 3900 682 3971; x_wconf 71' lang='lat' dir='ltr'><strong>gantis.</strong></span> <span class='ocrx_word' id='word_1_294' title='bbox 868 3917 929 3954; x_wconf 88' lang='lat' dir='ltr'><strong>cere</strong></span> <span class='ocrx_word' id='word_1_295' title='bbox 946 3899 1084 3960; x_wconf 86' lang='lat' dir='ltr'><strong>videretur</strong></span> <span class='ocrx_word' id='word_1_296' title='bbox 1107 3901 1169 3960; x_wconf 88' lang='lat' dir='ltr'><strong>illos</strong></span> <span class='ocrx_word' id='word_1_297' title='bbox 1190 3903 1242 3958; x_wconf 86' lang='lat' dir='ltr'><strong>iam</strong></span> <span class='ocrx_word' id='word_1_298' title='bbox 1259 3912 1312 3958; x_wconf 85' lang='lat' dir='ltr'><strong>tun</strong></span> 
     </span>
    </p>

    <p class='ocr_par' dir='ltr' id='par_1_9' title="bbox 223 3977 1312 4134">
     <span class='ocr_line' id='line_1_37' title="bbox 223 3977 1312 4048; baseline 0.015 -16"><span class='ocrx_word' id='word_1_299' title='bbox 223 3977 266 4034; x_wconf 81' lang='lat' dir='ltr'><strong>ts.</strong></span> <span class='ocrx_word' id='word_1_300' title='bbox 286 3979 502 4038; x_wconf 78' lang='lat' dir='ltr'><strong>incursantem:</strong></span> <span class='ocrx_word' id='word_1_301' title='bbox 520 3980 542 4036; x_wconf 91' lang='lat' dir='ltr'><strong>P</strong></span> <span class='ocrx_word' id='word_1_302' title='bbox 560 4003 594 4042; x_wconf 89' lang='lat' dir='ltr'><strong>m.</strong></span> <span class='ocrx_word' id='word_1_303' title='bbox 612 3987 637 4042; x_wconf 71' lang='lat'><strong>2.</strong></span> <span class='ocrx_word' id='word_1_304' title='bbox 649 3985 731 4043; x_wconf 82' lang='lat' dir='ltr'><strong>tt.-</strong></span> <span class='ocrx_word' id='word_1_305' title='bbox 867 3983 968 4042; x_wconf 83' lang='lat' dir='ltr'><strong>cladem</strong></span> <span class='ocrx_word' id='word_1_306' title='bbox 980 3988 1162 4047; x_wconf 85' lang='lat' dir='ltr'><strong>imminentem</strong></span> <span class='ocrx_word' id='word_1_307' title='bbox 1175 3997 1235 4048; x_wconf 86' lang='lat' dir='ltr'><strong>ante</strong></span> <span class='ocrx_word' id='word_1_308' title='bbox 1251 4009 1312 4048; x_wconf 88' lang='lat' dir='ltr'><strong>ocu·</strong></span> 
     </span>
     <span class='ocr_line' id='line_1_38' title="bbox 282 4062 1234 4134; baseline 0.021 -17"><span class='ocrx_word' id='word_1_309' title='bbox 282 4062 304 4116; x_wconf 87' lang='lat' dir='ltr'><strong>P</strong></span> <span class='ocrx_word' id='word_1_310' title='bbox 317 4085 352 4122; x_wconf 88' lang='lat' dir='ltr'><strong>m.</strong></span> <span class='ocrx_word' id='word_1_311' title='bbox 367 4071 405 4123; x_wconf 86' lang='lat' dir='ltr'><strong>l.:</strong></span> <span class='ocrx_word' id='word_1_312' title='bbox 425 4069 598 4130; x_wconf 83' lang='lat' dir='ltr'><strong>incursantes.</strong></span> <span class='ocrx_word' id='word_1_313' title='bbox 613 4104 645 4114; x_wconf 91' lang='lat'><strong>—</strong></span> <span class='ocrx_word' id='word_1_314' title='bbox 659 4070 733 4130; x_wconf 84' lang='lat' dir='ltr'><strong>ttm.</strong></span> <span class='ocrx_word' id='word_1_315' title='bbox 867 4071 909 4130; x_wconf 91' lang='lat' dir='ltr'><strong>los</strong></span> <span class='ocrx_word' id='word_1_316' title='bbox 927 4071 1061 4134; x_wconf 85' lang='lat' dir='ltr'><strong>babuisse.</strong></span> <span class='ocrx_word' id='word_1_317' title='bbox 1232 4077 1234 4088; x_wconf 78' lang='grc'><em>’</em></span> 
     </span>
    </p>
   </div>
   <div class='ocr_carea' id='block_1_6' title="bbox 803 3332 1314 3586">
    <p class='ocr_par' dir='ltr' id='par_1_10' title="bbox 803 3332 1314 3586">
     <span class='ocr_line' id='line_1_39' title="bbox 803 3332 1313 3409; baseline 0.002 -19"><span class='ocrx_word' id='word_1_318' title='bbox 803 3333 847 3392; x_wconf 72' lang='lat'><strong>22.</strong></span> <span class='ocrx_word' id='word_1_319' title='bbox 865 3332 1049 3392; x_wconf 78' lang='lat' dir='ltr'><strong>decerneret:</strong></span> <span class='ocrx_word' id='word_1_320' title='bbox 1066 3332 1115 3392; x_wconf 84' lang='lat' dir='ltr'><strong>PM</strong></span> <span class='ocrx_word' id='word_1_321' title='bbox 1132 3333 1207 3409; x_wconf 84' lang='lat' dir='ltr'><strong>rell]</strong></span> <span class='ocrx_word' id='word_1_322' title='bbox 1224 3333 1313 3392; x_wconf 85' lang='lat' dir='ltr'><strong>decer-</strong></span> 
     </span>
     <span class='ocr_line' id='line_1_40' title="bbox 863 3419 1314 3496; baseline 0.002 -20"><span class='ocrx_word' id='word_1_323' title='bbox 863 3429 926 3476; x_wconf 87' lang='lat' dir='ltr'><strong>rent</strong></span> <span class='ocrx_word' id='word_1_324' title='bbox 949 3419 988 3492; x_wconf 89' lang='lat' dir='ltr'><strong>(l.</strong></span> <span class='ocrx_word' id='word_1_325' title='bbox 1010 3421 1055 3481; x_wconf 84' lang='lat' dir='ltr'><strong>Fr.</strong></span> <span class='ocrx_word' id='word_1_326' title='bbox 1082 3421 1191 3496; x_wconf 81' lang='lat' dir='ltr'><strong>Gran).</strong></span> <span class='ocrx_word' id='word_1_327' title='bbox 1221 3454 1253 3466; x_wconf 92' lang='lat'>-</span> <span class='ocrx_word' id='word_1_328' title='bbox 1281 3421 1314 3483; x_wconf 85' lang='lat' dir='ltr'><strong>P:</strong></span> 
     </span>
     <span class='ocr_line' id='line_1_41' title="bbox 865 3506 1108 3586; baseline 0.012 -22"><span class='ocrx_word' id='word_1_329' title='bbox 865 3506 940 3584; x_wconf 91' lang='lat' dir='ltr'><strong>quod</strong></span> <span class='ocrx_word' id='word_1_330' title='bbox 956 3506 1108 3586; x_wconf 85' lang='lat' dir='ltr'><strong>placebant.</strong></span> 
     </span>
    </p>
   </div>
   <div class='ocr_carea' id='block_1_7' title="bbox 284 4151 490 4212">
    <p class='ocr_par' dir='ltr' id='par_1_11' title="bbox 284 4151 490 4212">
     <span class='ocr_line' id='line_1_42' title="bbox 284 4151 490 4212; baseline 0.049 -14"><span class='ocrx_word' id='word_1_331' title='bbox 284 4151 321 4201; x_wconf 82' lang='lat'><strong>1.:</strong></span> <span class='ocrx_word' id='word_1_332' title='bbox 339 4165 490 4212; x_wconf 65' lang='lat' dir='ltr'><strong>accesere*</strong></span> 
     </span>
    </p>
   </div>
   <div class='ocr_carea' id='block_1_8' title="bbox 0 0 1380 4720">
    <p class='ocr_par' dir='ltr' id='par_1_12' title="bbox 0 0 1380 4720">
     <span class='ocr_line' id='line_1_43' title="bbox 0 0 1380 4720; baseline 0 6"><span class='ocrx_word' id='word_1_333' title='bbox 0 0 1380 4720; x_wconf 95' lang='lat' dir='ltr'><strong> </strong></span> 
     </span>
    </p>
   </div>
  </div>
 </body>
</html>
