<?xml version="1.0" encoding="UTF-8"?>
<!DOCTYPE html PUBLIC "-//W3C//DTD XHTML 1.0 Transitional//EN"
    "http://www.w3.org/TR/xhtml1/DTD/xhtml1-transitional.dtd">
<html xmlns="http://www.w3.org/1999/xhtml" xml:lang="en" lang="en">
 <head>
  <title>
</title>
<meta http-equiv="Content-Type" content="text/html;charset=utf-8" />
  <meta name='ocr-system' content='tesseract 3.04.00' />
  <meta name='ocr-capabilities' content='ocr_page ocr_carea ocr_par ocr_line ocrx_word'/>
</head>
<body>
  <div class='ocr_page' id='page_1' title='image "./titilivirerumro02alscgoog_0539.png"; bbox 0 0 2756 4720; ppageno 0'>
   <div class='ocr_carea' id='block_1_1' title="bbox 223 303 291 374">
    <p class='ocr_par' dir='ltr' id='par_1_1' title="bbox 223 303 291 374">
     <span class='ocr_line' id='line_1_1' title="bbox 223 303 291 374; baseline -0.015 0"><span class='ocrx_word' id='word_1_1' title='bbox 223 303 291 374; x_wconf 70' lang='lat'>526</span> 
     </span>
    </p>
   </div>
   <div class='ocr_carea' id='block_1_2' title="bbox 194 479 1355 1097">
    <p class='ocr_par' dir='ltr' id='par_1_2' title="bbox 194 479 1355 1097">
     <span class='ocr_line' id='line_1_2' title="bbox 226 479 1355 572; baseline -0.002 -24"><span class='ocrx_word' id='word_1_2' title='bbox 226 480 367 550; x_wconf 75' lang='lat' dir='ltr'>desitum</span> <span class='ocrx_word' id='word_1_3' title='bbox 382 480 509 549; x_wconf 86' lang='lat' dir='ltr'>interim</span> <span class='ocrx_word' id='word_1_4' title='bbox 529 480 647 550; x_wconf 87' lang='lat' dir='ltr'>turbari</span> <span class='ocrx_word' id='word_1_5' title='bbox 668 479 796 550; x_wconf 87' lang='lat' dir='ltr'>comitia</span> <span class='ocrx_word' id='word_1_6' title='bbox 817 479 1090 572; x_wconf 65' lang='lat' dir='ltr'>interpellantibus</span> <span class='ocrx_word' id='word_1_7' title='bbox 1104 479 1265 547; x_wconf 87' lang='lat' dir='ltr'>tribunis</span> <span class='ocrx_word' id='word_1_8' title='bbox 1294 482 1355 572; x_wconf 83' lang='lat' dir='ltr'>ple</span> 
     </span>
     <span class='ocr_line' id='line_1_3' title="bbox 225 584 1352 678; baseline 0 -26"><span class='ocrx_word' id='word_1_9' title='bbox 225 585 289 670; x_wconf 88' lang='lat' dir='ltr'>bis,</span> <span class='ocrx_word' id='word_1_10' title='bbox 315 587 418 654; x_wconf 90' lang='lat' dir='ltr'>donec</span> <span class='ocrx_word' id='word_1_11' title='bbox 440 585 642 656; x_wconf 82' lang='lat' dir='ltr'>convenisset</span> <span class='ocrx_word' id='word_1_12' title='bbox 662 586 748 678; x_wconf 92' lang='lat' dir='ltr'>prius</span> <span class='ocrx_word' id='word_1_13' title='bbox 769 595 808 654; x_wconf 89' lang='lat' dir='ltr'>ut</span> <span class='ocrx_word' id='word_1_14' title='bbox 826 586 929 654; x_wconf 85' lang='lat' dir='ltr'>maior</span> <span class='ocrx_word' id='word_1_15' title='bbox 948 609 1022 678; x_wconf 89' lang='lat' dir='ltr'>pars</span> <span class='ocrx_word' id='word_1_16' title='bbox 1041 584 1275 654; x_wconf 85' lang='lat' dir='ltr'>tribunorum</span> <span class='ocrx_word' id='word_1_17' title='bbox 1301 587 1352 652; x_wconf 91' lang='lat' dir='ltr'>mi-</span> 
     </span>
     <span class='ocr_line' id='line_1_4' title="bbox 224 690 1350 783; baseline 0 -25"><span class='ocrx_word' id='word_1_18' title='bbox 224 691 317 758; x_wconf 86' lang='lat' dir='ltr'>litnm</span> <span class='ocrx_word' id='word_1_19' title='bbox 339 691 497 783; x_wconf 83' lang='lat' dir='ltr'>explebe</span> <span class='ocrx_word' id='word_1_20' title='bbox 519 702 687 761; x_wconf 79' lang='lat' dir='ltr'><strong>crearetur.</strong></span> <span class='ocrx_word' id='word_1_21' title='bbox 722 691 814 778; x_wconf 82' lang='lat' dir='ltr'>Quae</span> <span class='ocrx_word' id='word_1_22' title='bbox 831 691 908 758; x_wconf 89' lang='lat' dir='ltr'>dum</span> <span class='ocrx_word' id='word_1_23' title='bbox 923 701 1067 782; x_wconf 80' lang='lat' dir='ltr'>aguntur,</span> <span class='ocrx_word' id='word_1_24' title='bbox 1088 690 1245 758; x_wconf 78' lang='lat' dir='ltr'>concilia</span> <span class='ocrx_word' id='word_1_25' title='bbox 1258 691 1350 758; x_wconf 78' lang='lat' dir='ltr'>Etru</span> 
     </span>
     <span class='ocr_line' id='line_1_5' title="bbox 223 793 1348 887; baseline 0.001 -25"><span class='ocrx_word' id='word_1_26' title='bbox 223 795 289 862; x_wconf 88' lang='lat' dir='ltr'>riae</span> <span class='ocrx_word' id='word_1_27' title='bbox 310 795 352 863; x_wconf 84' lang='lat' dir='ltr'>ad</span> <span class='ocrx_word' id='word_1_28' title='bbox 373 795 484 863; x_wconf 88' lang='lat' dir='ltr'>Ianum</span> <span class='ocrx_word' id='word_1_29' title='bbox 506 795 699 865; x_wconf 84' lang='lat' dir='ltr'>Voltunmae</span> <span class='ocrx_word' id='word_1_30' title='bbox 725 794 832 863; x_wconf 88' lang='lat' dir='ltr'>habita</span> <span class='ocrx_word' id='word_1_31' title='bbox 860 795 1163 887; x_wconf 72' lang='lat' dir='ltr'>postulantibusque</span> <span class='ocrx_word' id='word_1_32' title='bbox 1188 793 1348 886; x_wconf 79' lang='lat' dir='ltr'>Capena</span> 
     </span>
     <span class='ocr_line' id='line_1_6' title="bbox 194 899 1347 992; baseline 0 -24"><span class='ocrx_word' id='word_1_33' title='bbox 194 899 308 968; x_wconf 76' lang='lat' dir='ltr'>subus</span> <span class='ocrx_word' id='word_1_34' title='bbox 331 924 368 969; x_wconf 86' lang='lat' dir='ltr'>ac</span> <span class='ocrx_word' id='word_1_35' title='bbox 383 901 512 970; x_wconf 82' lang='lat' dir='ltr'>Faliscis</span> <span class='ocrx_word' id='word_1_36' title='bbox 533 912 571 970; x_wconf 90' lang='lat' dir='ltr'>nt</span> <span class='ocrx_word' id='word_1_37' title='bbox 585 901 683 970; x_wconf 84' lang='lat' dir='ltr'>Veios</span> <span class='ocrx_word' id='word_1_38' title='bbox 699 900 862 968; x_wconf 90' lang='lat' dir='ltr'>communi</span> <span class='ocrx_word' id='word_1_39' title='bbox 878 900 983 968; x_wconf 88' lang='lat' dir='ltr'>animo</span> <span class='ocrx_word' id='word_1_40' title='bbox 997 901 1206 992; x_wconf 84' lang='lat' dir='ltr'>consilioque</span> <span class='ocrx_word' id='word_1_41' title='bbox 1226 924 1347 969; x_wconf 88' lang='lat' dir='ltr'>omnes</span> 
     </span>
     <span class='ocr_line' id='line_1_7' title="bbox 223 1001 1345 1097; baseline 0.002 -25"><span class='ocrx_word' id='word_1_42' title='bbox 223 1003 369 1074; x_wconf 77' lang='lat' dir='ltr'>Etruriae</span> <span class='ocrx_word' id='word_1_43' title='bbox 391 1005 565 1097; x_wconf 81' lang='lat' dir='ltr'>populien</span> <span class='ocrx_word' id='word_1_44' title='bbox 589 1001 754 1073; x_wconf 79' lang='lat' dir='ltr'>obsidione</span> <span class='ocrx_word' id='word_1_45' title='bbox 776 1005 947 1097; x_wconf 79' lang='lat' dir='ltr'><strong>eriperent,</strong></span> <span class='ocrx_word' id='word_1_46' title='bbox 974 1027 1168 1097; x_wconf 89' lang='lat' dir='ltr'>responsum</span> <span class='ocrx_word' id='word_1_47' title='bbox 1191 1018 1271 1089; x_wconf 88' lang='lat' dir='ltr'>est,</span> <span class='ocrx_word' id='word_1_48' title='bbox 1298 1031 1345 1073; x_wconf 85' lang='lat' dir='ltr'>an</span> 
     </span>
    </p>
   </div>
   <div class='ocr_carea' id='block_1_3' title="bbox 598 303 938 402">
    <p class='ocr_par' dir='ltr' id='par_1_3' title="bbox 598 303 938 402">
     <span class='ocr_line' id='line_1_8' title="bbox 598 303 938 402; baseline -0.006 -25"><span class='ocrx_word' id='word_1_49' title='bbox 598 303 601 308; x_wconf 86' lang='grc'><strong>’</strong></span> <span class='ocrx_word' id='word_1_50' title='bbox 695 315 802 378; x_wconf 78' lang='lat' dir='ltr'>orosa</span> <span class='ocrx_word' id='word_1_51' title='bbox 817 315 851 378; x_wconf 89' lang='lat' dir='ltr'>v.</span> <span class='ocrx_word' id='word_1_52' title='bbox 927 391 938 402; x_wconf 91' lang='lat'><strong>.</strong></span> 
     </span>
    </p>
   </div>
   <div class='ocr_carea' id='block_1_4' title="bbox 125 1109 1343 2460">
    <p class='ocr_par' dir='ltr' id='par_1_4' title="bbox 125 1109 1343 2460">
     <span class='ocr_line' id='line_1_9' title="bbox 223 1109 1343 1204; baseline 0 -26"><span class='ocrx_word' id='word_1_53' title='bbox 223 1119 275 1178; x_wconf 84' lang='lat' dir='ltr'>tea</span> <span class='ocrx_word' id='word_1_54' title='bbox 298 1133 333 1180; x_wconf 88' lang='lat' dir='ltr'>se</span> <span class='ocrx_word' id='word_1_55' title='bbox 355 1111 387 1178; x_wconf 94' lang='lat' dir='ltr'>id</span> <span class='ocrx_word' id='word_1_56' title='bbox 409 1111 596 1180; x_wconf 74' lang='lat' dir='ltr'>Veientibus</span> <span class='ocrx_word' id='word_1_57' title='bbox 617 1132 752 1200; x_wconf 78' lang='lat' dir='ltr'>negasse</span> <span class='ocrx_word' id='word_1_58' title='bbox 778 1109 852 1201; x_wconf 86' lang='lat' dir='ltr'>quia</span> <span class='ocrx_word' id='word_1_59' title='bbox 879 1109 965 1178; x_wconf 87' lang='lat' dir='ltr'>unde</span> <span class='ocrx_word' id='word_1_60' title='bbox 992 1109 1162 1178; x_wconf 90' lang='lat' dir='ltr'>consilium</span> <span class='ocrx_word' id='word_1_61' title='bbox 1184 1135 1267 1180; x_wconf 89' lang='lat' dir='ltr'>non</span> <span class='ocrx_word' id='word_1_62' title='bbox 1294 1137 1343 1204; x_wconf 83' lang='lat' dir='ltr'>pe</span> 
     </span>
     <span class='ocr_line' id='line_1_10' title="bbox 192 1214 1341 1308; baseline 0.001 -25"><span class='ocrx_word' id='word_1_63' title='bbox 192 1227 195 1236; x_wconf 87' lang='lat'>&#39;</span> <span class='ocrx_word' id='word_1_64' title='bbox 224 1215 337 1283; x_wconf 89' lang='lat' dir='ltr'>tissent</span> <span class='ocrx_word' id='word_1_65' title='bbox 357 1239 454 1308; x_wconf 92' lang='lat' dir='ltr'>super</span> <span class='ocrx_word' id='word_1_66' title='bbox 474 1226 561 1283; x_wconf 84' lang='lat' dir='ltr'>tanta</span> <span class='ocrx_word' id='word_1_67' title='bbox 582 1235 627 1300; x_wconf 87' lang='lat' dir='ltr'>re,</span> <span class='ocrx_word' id='word_1_68' title='bbox 648 1215 802 1282; x_wconf 79' lang='lat' dir='ltr'>auxilium</span> <span class='ocrx_word' id='word_1_69' title='bbox 822 1225 933 1306; x_wconf 81' lang='lat' dir='ltr'>petere</span> <span class='ocrx_word' id='word_1_70' title='bbox 953 1237 1019 1282; x_wconf 90' lang='lat' dir='ltr'>nou</span> <span class='ocrx_word' id='word_1_71' title='bbox 1042 1214 1220 1282; x_wconf 84' lang='lat' dir='ltr'>deberent=</span> <span class='ocrx_word' id='word_1_72' title='bbox 1253 1239 1341 1284; x_wconf 87' lang='lat' dir='ltr'>nuuc</span> 
     </span>
     <span class='ocr_line' id='line_1_11' title="bbox 223 1317 1339 1414; baseline 0.006 -30"><span class='ocrx_word' id='word_1_73' title='bbox 223 1317 286 1386; x_wconf 88' lang='lat' dir='ltr'>iarn</span> <span class='ocrx_word' id='word_1_74' title='bbox 308 1331 366 1411; x_wconf 83' lang='lat' dir='ltr'>pro</span> <span class='ocrx_word' id='word_1_75' title='bbox 389 1345 424 1388; x_wconf 91' lang='lat' dir='ltr'>sc</span> <span class='ocrx_word' id='word_1_76' title='bbox 446 1321 608 1388; x_wconf 78' lang='lat' dir='ltr'>fanonem</span> <span class='ocrx_word' id='word_1_77' title='bbox 629 1342 722 1387; x_wconf 85' lang='lat' dir='ltr'>suam</span> <span class='ocrx_word' id='word_1_78' title='bbox 742 1319 804 1387; x_wconf 92' lang='lat' dir='ltr'>illis</span> <span class='ocrx_word' id='word_1_79' title='bbox 818 1339 950 1410; x_wconf 70' lang='lat' dir='ltr'>negares</span> <span class='ocrx_word' id='word_1_80' title='bbox 971 1319 1109 1387; x_wconf 84' lang='lat' dir='ltr'>maxime</span> <span class='ocrx_word' id='word_1_81' title='bbox 1131 1320 1167 1387; x_wconf 90' lang='lat' dir='ltr'>in</span> <span class='ocrx_word' id='word_1_82' title='bbox 1181 1345 1229 1388; x_wconf 89' lang='lat' dir='ltr'>ea</span> <span class='ocrx_word' id='word_1_83' title='bbox 1245 1334 1339 1414; x_wconf 86' lang='lat' dir='ltr'>parte</span> 
     </span>
     <span class='ocr_line' id='line_1_12' title="bbox 178 1423 1336 1519; baseline 0.005 -31"><span class='ocrx_word' id='word_1_84' title='bbox 178 1434 212 1492; x_wconf 80' lang='grc' dir='ltr'>ιο</span> <span class='ocrx_word' id='word_1_85' title='bbox 224 1423 367 1494; x_wconf 80' lang='lat' dir='ltr'>Etruriae</span> <span class='ocrx_word' id='word_1_86' title='bbox 389 1435 518 1516; x_wconf 82' lang='lat' dir='ltr'>gentem</span> <span class='ocrx_word' id='word_1_87' title='bbox 533 1424 724 1504; x_wconf 77' lang='lat' dir='ltr'>invisitatam</span> <span class='ocrx_word' id='word_1_88' title='bbox 745 1447 849 1492; x_wconf 86' lang='lat' dir='ltr'>novos</span> <span class='ocrx_word' id='word_1_89' title='bbox 871 1423 996 1493; x_wconf 85' lang='lat' dir='ltr'>accolas</span> <span class='ocrx_word' id='word_1_90' title='bbox 1013 1423 1123 1519; x_wconf 83' lang='lat' dir='ltr'>Gallos</span> <span class='ocrx_word' id='word_1_91' title='bbox 1144 1447 1235 1510; x_wconf 86' lang='lat' dir='ltr'>esse,</span> <span class='ocrx_word' id='word_1_92' title='bbox 1260 1451 1336 1494; x_wconf 91' lang='lat' dir='ltr'>cum</span> 
     </span>
     <span class='ocr_line' id='line_1_13' title="bbox 223 1527 1334 1622; baseline 0.004 -27"><span class='ocrx_word' id='word_1_93' title='bbox 223 1527 339 1618; x_wconf 90' lang='lat' dir='ltr'>quibus</span> <span class='ocrx_word' id='word_1_94' title='bbox 361 1553 424 1598; x_wconf 87' lang='lat' dir='ltr'>nec</span> <span class='ocrx_word' id='word_1_95' title='bbox 444 1553 510 1622; x_wconf 84' lang='lat' dir='ltr'>pax</span> <span class='ocrx_word' id='word_1_96' title='bbox 536 1529 611 1599; x_wconf 90' lang='lat' dir='ltr'>satis</span> <span class='ocrx_word' id='word_1_97' title='bbox 632 1530 696 1598; x_wconf 87' lang='lat' dir='ltr'>lida</span> <span class='ocrx_word' id='word_1_98' title='bbox 724 1551 785 1597; x_wconf 90' lang='lat' dir='ltr'>nec</span> <span class='ocrx_word' id='word_1_99' title='bbox 811 1528 933 1596; x_wconf 90' lang='lat' dir='ltr'>bellum</span> <span class='ocrx_word' id='word_1_100' title='bbox 959 1550 1019 1619; x_wconf 92' lang='lat' dir='ltr'>pro</span> <span class='ocrx_word' id='word_1_101' title='bbox 1047 1539 1135 1598; x_wconf 86' lang='lat' dir='ltr'>certo</span> <span class='ocrx_word' id='word_1_102' title='bbox 1165 1531 1228 1600; x_wconf 87' lang='lat' dir='ltr'>sit:</span> <span class='ocrx_word' id='word_1_103' title='bbox 1265 1557 1334 1602; x_wconf 86' lang='lat' dir='ltr'>san</span> 
     </span>
     <span class='ocr_line' id='line_1_14' title="bbox 222 1623 1333 1730; baseline 0.003 -30"><span class='ocrx_word' id='word_1_104' title='bbox 222 1634 307 1723; x_wconf 80' lang='lat' dir='ltr'>guini</span> <span class='ocrx_word' id='word_1_105' title='bbox 328 1623 436 1704; x_wconf 84' lang='lat' dir='ltr'>tamen</span> <span class='ocrx_word' id='word_1_106' title='bbox 458 1635 644 1726; x_wconf 85' lang='lat' dir='ltr'>nominique</span> <span class='ocrx_word' id='word_1_107' title='bbox 666 1646 700 1704; x_wconf 92' lang='lat' dir='ltr'>et</span> <span class='ocrx_word' id='word_1_108' title='bbox 720 1633 939 1726; x_wconf 80' lang='lat' dir='ltr'>praesentibus</span> <span class='ocrx_word' id='word_1_109' title='bbox 965 1633 1113 1725; x_wconf 89' lang='lat' dir='ltr'>periculis</span> <span class='ocrx_word' id='word_1_110' title='bbox 1136 1638 1333 1730; x_wconf 83' lang='lat' dir='ltr'>consangui-</span> 
     </span>
     <span class='ocr_line' id='line_1_15' title="bbox 125 1738 1332 1831; baseline 0.004 -27"><span class='ocrx_word' id='word_1_111' title='bbox 125 1743 135 1766; x_wconf 73' lang='grc'><strong>“</strong></span> <span class='ocrx_word' id='word_1_112' title='bbox 222 1761 357 1808; x_wconf 87' lang='lat' dir='ltr'>neomm</span> <span class='ocrx_word' id='word_1_113' title='bbox 378 1743 420 1818; x_wconf 81' lang='lat' dir='ltr'>id,</span> <span class='ocrx_word' id='word_1_114' title='bbox 434 1740 500 1809; x_wconf 90' lang='lat' dir='ltr'>dari</span> <span class='ocrx_word' id='word_1_115' title='bbox 521 1751 572 1824; x_wconf 88' lang='lat' dir='ltr'>ot,</span> <span class='ocrx_word' id='word_1_116' title='bbox 599 1740 627 1808; x_wconf 90' lang='lat' dir='ltr'>si</span> <span class='ocrx_word' id='word_1_117' title='bbox 655 1740 710 1831; x_wconf 91' lang='lat' dir='ltr'>qui</span> <span class='ocrx_word' id='word_1_118' title='bbox 736 1739 906 1808; x_wconf 89' lang='lat' dir='ltr'>iuventutis</span> <span class='ocrx_word' id='word_1_119' title='bbox 933 1761 1010 1808; x_wconf 88' lang='lat' dir='ltr'>suae</span> <span class='ocrx_word' id='word_1_120' title='bbox 1031 1738 1200 1809; x_wconf 82' lang='lat' dir='ltr'>voluntate</span> <span class='ocrx_word' id='word_1_121' title='bbox 1235 1744 1281 1809; x_wconf 90' lang='lat' dir='ltr'>ad</span> <span class='ocrx_word' id='word_1_122' title='bbox 1302 1744 1332 1810; x_wconf 91' lang='lat' dir='ltr'>id</span> 
     </span>
     <span class='ocr_line' id='line_1_16' title="bbox 223 1842 1332 1937; baseline 0.007 -29"><span class='ocrx_word' id='word_1_123' title='bbox 223 1842 346 1913; x_wconf 90' lang='lat' dir='ltr'>bellum</span> <span class='ocrx_word' id='word_1_124' title='bbox 373 1857 461 1930; x_wconf 84' lang='lat' dir='ltr'>eant,</span> <span class='ocrx_word' id='word_1_125' title='bbox 495 1869 561 1914; x_wconf 92' lang='lat' dir='ltr'>uon</span> <span class='ocrx_word' id='word_1_126' title='bbox 589 1845 758 1937; x_wconf 88' lang='lat' dir='ltr'>inpediant</span> <span class='ocrx_word' id='word_1_127' title='bbox 797 1867 872 1914; x_wconf 89' lang='lat' dir='ltr'>emn</span> <span class='ocrx_word' id='word_1_128' title='bbox 897 1868 1048 1936; x_wconf 82' lang='lat' dir='ltr'>magnum</span> <span class='ocrx_word' id='word_1_129' title='bbox 1074 1847 1250 1916; x_wconf 88' lang='lat' dir='ltr'>advenisse</span> <span class='ocrx_word' id='word_1_130' title='bbox 1280 1848 1332 1916; x_wconf 86' lang='lat' dir='ltr'>ho</span> 
     </span>
     <span class='ocr_line' id='line_1_17' title="bbox 173 1948 1330 2042; baseline 0.009 -31"><span class='ocrx_word' id='word_1_131' title='bbox 173 1948 318 2016; x_wconf 70' lang='lat' dir='ltr'>tristium</span> <span class='ocrx_word' id='word_1_132' title='bbox 339 1975 509 2020; x_wconf 88' lang='lat' dir='ltr'>numerum</span> <span class='ocrx_word' id='word_1_133' title='bbox 530 1950 614 2018; x_wconf 83' lang='lat' dir='ltr'>fama</span> <span class='ocrx_word' id='word_1_134' title='bbox 636 1949 759 2020; x_wconf 79' lang='lat' dir='ltr'>Romae</span> <span class='ocrx_word' id='word_1_135' title='bbox 782 1962 864 2034; x_wconf 88' lang='lat' dir='ltr'>erat,</span> <span class='ocrx_word' id='word_1_136' title='bbox 892 1973 997 2042; x_wconf 89' lang='lat' dir='ltr'>eoque</span> <span class='ocrx_word' id='word_1_137' title='bbox 1019 1950 1189 2020; x_wconf 86' lang='lat' dir='ltr'>mitescere</span> <span class='ocrx_word' id='word_1_138' title='bbox 1213 1953 1330 2022; x_wconf 90' lang='lat' dir='ltr'>discor·</span> 
     </span>
     <span class='ocr_line' id='line_1_18' title="bbox 220 2051 1056 2147; baseline 0.007 -29"><span class='ocrx_word' id='word_1_139' title='bbox 220 2051 291 2120; x_wconf 89' lang='lat' dir='ltr'>diae</span> <span class='ocrx_word' id='word_1_140' title='bbox 312 2055 478 2124; x_wconf 86' lang='lat' dir='ltr'>intestinae</span> <span class='ocrx_word' id='word_1_141' title='bbox 500 2066 590 2124; x_wconf 87' lang='lat' dir='ltr'>metu</span> <span class='ocrx_word' id='word_1_142' title='bbox 612 2055 775 2124; x_wconf 90' lang='lat' dir='ltr'>communi</span> <span class='ocrx_word' id='word_1_143' title='bbox 796 2067 832 2124; x_wconf 91' lang='lat' dir='ltr'>ut</span> <span class='ocrx_word' id='word_1_144' title='bbox 853 2056 890 2124; x_wconf 86' lang='lat' dir='ltr'>Iit</span> <span class='ocrx_word' id='word_1_145' title='bbox 912 2068 1056 2147; x_wconf 84' lang='lat' dir='ltr'>coeptae.</span> 
     </span>
     <span class='ocr_line' id='line_1_19' title="bbox 310 2157 1327 2253; baseline 0.006 -29"><span class='ocrx_word' id='word_1_146' title='bbox 310 2157 426 2228; x_wconf 84' lang='lat' dir='ltr'><strong>XVIII.</strong></span> <span class='ocrx_word' id='word_1_147' title='bbox 449 2191 455 2204; x_wconf 72' lang='lat'><strong><em>¹</em></strong></span> <span class='ocrx_word' id='word_1_148' title='bbox 469 2160 557 2228; x_wconf 90' lang='lat' dir='ltr'>Haut</span> <span class='ocrx_word' id='word_1_149' title='bbox 576 2160 679 2236; x_wconf 83' lang='lat' dir='ltr'>invitis</span> <span class='ocrx_word' id='word_1_150' title='bbox 698 2159 841 2251; x_wconf 88' lang='lat' dir='ltr'>patribus</span> <span class='ocrx_word' id='word_1_151' title='bbox 855 2162 892 2229; x_wconf 90' lang='lat' dir='ltr'>P.</span> <span class='ocrx_word' id='word_1_152' title='bbox 906 2159 1061 2228; x_wconf 88' lang='lat' dir='ltr'>licinium</span> <span class='ocrx_word' id='word_1_153' title='bbox 1075 2159 1219 2230; x_wconf 81' lang='lat' dir='ltr'>Calvum</span> <span class='ocrx_word' id='word_1_154' title='bbox 1239 2187 1327 2253; x_wconf 90' lang='lat' dir='ltr'>prae·</span> 
     </span>
     <span class='ocr_line' id='line_1_20' title="bbox 220 2259 1325 2357; baseline 0.012 -35"><span class='ocrx_word' id='word_1_155' title='bbox 220 2259 363 2348; x_wconf 80' lang='lat' dir='ltr'>rogativa</span> <span class='ocrx_word' id='word_1_156' title='bbox 387 2261 550 2329; x_wconf 75' lang='lat' dir='ltr'>bibonum</span> <span class='ocrx_word' id='word_1_157' title='bbox 571 2264 708 2330; x_wconf 90' lang='lat' dir='ltr'>militum</span> <span class='ocrx_word' id='word_1_158' title='bbox 730 2289 797 2334; x_wconf 93' lang='lat' dir='ltr'>non</span> <span class='ocrx_word' id='word_1_159' title='bbox 818 2277 982 2357; x_wconf 87' lang='lat' dir='ltr'>petentem</span> <span class='ocrx_word' id='word_1_160' title='bbox 996 2277 1112 2350; x_wconf 86' lang='lat' dir='ltr'>creant,</span> <span class='ocrx_word' id='word_1_161' title='bbox 1133 2267 1325 2337; x_wconf 73' lang='lat' dir='ltr'>moderatio</span> 
     </span>
     <span class='ocr_line' id='line_1_21' title="bbox 217 2359 1325 2460; baseline 0.009 -32"><span class='ocrx_word' id='word_1_162' title='bbox 217 2359 267 2428; x_wconf 91' lang='lat' dir='ltr'>nis</span> <span class='ocrx_word' id='word_1_163' title='bbox 290 2373 439 2455; x_wconf 82' lang='lat' dir='ltr'>expertae</span> <span class='ocrx_word' id='word_1_164' title='bbox 461 2365 619 2458; x_wconf 88' lang='lat' dir='ltr'>inpriore</span> <span class='ocrx_word' id='word_1_165' title='bbox 647 2370 833 2460; x_wconf 82' lang='lat' dir='ltr'>magistratu</span> <span class='ocrx_word' id='word_1_166' title='bbox 861 2371 965 2438; x_wconf 84' lang='lat' dir='ltr'>vimm</span> <span class='ocrx_word' id='word_1_167' title='bbox 993 2382 1135 2438; x_wconf 88' lang='lat' dir='ltr'>ceterum</span> <span class='ocrx_word' id='word_1_168' title='bbox 1163 2371 1231 2438; x_wconf 87' lang='lat' dir='ltr'>iam</span> <span class='ocrx_word' id='word_1_169' title='bbox 1257 2384 1325 2440; x_wconf 88' lang='lat' dir='ltr'>turn</span> 
     </span>
    </p>
   </div>
   <div class='ocr_carea' id='block_1_5' title="bbox 171 2471 1325 2570">
    <p class='ocr_par' dir='ltr' id='par_1_5' title="bbox 171 2471 1325 2570">
     <span class='ocr_line' id='line_1_22' title="bbox 171 2471 1325 2570; baseline 0.009 -36"><span class='ocrx_word' id='word_1_170' title='bbox 171 2475 207 2534; x_wconf 71' lang='lat'>2⁰</span> <span class='ocrx_word' id='word_1_171' title='bbox 220 2479 357 2536; x_wconf 85' lang='lat' dir='ltr'>exactae</span> <span class='ocrx_word' id='word_1_172' title='bbox 374 2471 494 2556; x_wconf 88' lang='lat' dir='ltr'>aetatis,</span> <span class='ocrx_word' id='word_1_173' title='bbox 518 2495 695 2564; x_wconf 89' lang='lat' dir='ltr'>omnesque</span> <span class='ocrx_word' id='word_1_174' title='bbox 716 2474 866 2570; x_wconf 90' lang='lat' dir='ltr'>deinceps</span> <span class='ocrx_word' id='word_1_175' title='bbox 881 2501 922 2544; x_wconf 87' lang='lat' dir='ltr'>ex</span> <span class='ocrx_word' id='word_1_176' title='bbox 938 2475 1072 2568; x_wconf 81' lang='lat' dir='ltr'>collegio</span> <span class='ocrx_word' id='word_1_177' title='bbox 1089 2473 1236 2544; x_wconf 90' lang='lat' dir='ltr'>eiusdem</span> <span class='ocrx_word' id='word_1_178' title='bbox 1253 2479 1325 2544; x_wconf 89' lang='lat' dir='ltr'>anni</span> 
     </span>
    </p>
   </div>
   <div class='ocr_carea' id='block_1_6' title="bbox 237 2613 1322 2866">
    <p class='ocr_par' dir='ltr' id='par_1_6' title="bbox 237 2613 1322 2866">
     <span class='ocr_line' id='line_1_23' title="bbox 865 2613 1322 2674; baseline -0.004 0"><span class='ocrx_word' id='word_1_179' title='bbox 865 2625 927 2674; x_wconf 76' lang='lat' dir='ltr'>tute</span> <span class='ocrx_word' id='word_1_180' title='bbox 944 2616 988 2673; x_wconf 81' lang='lat' dir='ltr'>orl</span> <span class='ocrx_word' id='word_1_181' title='bbox 1004 2617 1038 2672; x_wconf 81' lang='lat' dir='ltr'>td</span> <span class='ocrx_word' id='word_1_182' title='bbox 1053 2613 1164 2673; x_wconf 67' lang='lat' dir='ltr'>bellum</span> <span class='ocrx_word' id='word_1_183' title='bbox 1180 2625 1253 2674; x_wconf 75' lang='lat' dir='ltr'>cord</span> <span class='ocrx_word' id='word_1_184' title='bbox 1265 2637 1322 2674; x_wconf 87' lang='lat' dir='ltr'>non</span> 
     </span>
     <span class='ocr_line' id='line_1_24' title="bbox 270 2704 1030 2786; baseline 0.003 -26"><span class='ocrx_word' id='word_1_185' title='bbox 270 2775 278 2786; x_wconf 69' lang='lat'><em>,</em></span> <span class='ocrx_word' id='word_1_186' title='bbox 349 2774 354 2782; x_wconf 25' lang='grc' dir='ltr'><strong>μ</strong></span> <span class='ocrx_word' id='word_1_187' title='bbox 867 2704 1030 2779; x_wconf 80' lang='lat' dir='ltr'>inpediunt.</span> 
     </span>
     <span class='ocr_line' id='line_1_25' title="bbox 237 2783 1320 2866; baseline 0.007 -28"><span class='ocrx_word' id='word_1_188' title='bbox 237 2783 263 2842; x_wconf 89' lang='lat'>1.</span> <span class='ocrx_word' id='word_1_189' title='bbox 281 2786 553 2864; x_wconf 73' lang='lat' dir='ltr'>interpellantibus:</span> <span class='ocrx_word' id='word_1_190' title='bbox 571 2787 644 2849; x_wconf 82' lang='lat' dir='ltr'>Pur.</span> <span class='ocrx_word' id='word_1_191' title='bbox 661 2785 734 2849; x_wconf 66' lang='lat' dir='ltr'>M.</span> <span class='ocrx_word' id='word_1_192' title='bbox 804 2792 848 2850; x_wconf 78' lang='lat'>15.</span> <span class='ocrx_word' id='word_1_193' title='bbox 867 2810 961 2866; x_wconf 80' lang='lat' dir='ltr'>eoque</span> <span class='ocrx_word' id='word_1_194' title='bbox 978 2792 1131 2848; x_wconf 65' lang='lat' dir='ltr'>mitescere</span> <span class='ocrx_word' id='word_1_195' title='bbox 1150 2791 1320 2848; x_wconf 67' lang='lat' dir='ltr'>discordiis</span> 
     </span>
    </p>
   </div>
   <div class='ocr_carea' id='block_1_7' title="bbox 279 2609 735 2774">
    <p class='ocr_par' dir='ltr' id='par_1_7' title="bbox 279 2609 735 2774">
     <span class='ocr_line' id='line_1_26' title="bbox 279 2609 735 2693; baseline 0.009 -25"><span class='ocrx_word' id='word_1_196' title='bbox 279 2612 410 2670; x_wconf 81' lang='lat' dir='ltr'>turbari:</span> <span class='ocrx_word' id='word_1_197' title='bbox 427 2609 459 2672; x_wconf 93' lang='lat' dir='ltr'>P.</span> <span class='ocrx_word' id='word_1_198' title='bbox 477 2645 509 2657; x_wconf 91' lang='lat'><em>-</em></span> <span class='ocrx_word' id='word_1_199' title='bbox 530 2612 735 2693; x_wconf 70' lang='lat' dir='ltr'>menumquam</span> 
     </span>
     <span class='ocr_line' id='line_1_27' title="bbox 281 2696 644 2774; baseline 0.028 -22"><span class='ocrx_word' id='word_1_200' title='bbox 281 2696 400 2774; x_wconf 82' lang='lat' dir='ltr'>desitum</span> <span class='ocrx_word' id='word_1_201' title='bbox 416 2701 488 2757; x_wconf 85' lang='lat' dir='ltr'>inter</span> <span class='ocrx_word' id='word_1_202' title='bbox 504 2701 644 2763; x_wconf 83' lang='lat' dir='ltr'>inturbari.</span> 
     </span>
    </p>
   </div>
   <div class='ocr_carea' id='block_1_8' title="bbox 805 2876 1326 3819">
    <p class='ocr_par' dir='ltr' id='par_1_8' title="bbox 865 2876 1318 3025">
     <span class='ocr_line' id='line_1_28' title="bbox 866 2876 1318 2954; baseline 0 -20"><span class='ocrx_word' id='word_1_203' title='bbox 866 2880 1038 2936; x_wconf 78' lang='lat' dir='ltr'>intestinae:</span> <span class='ocrx_word' id='word_1_204' title='bbox 1055 2876 1091 2938; x_wconf 97' lang='grc' dir='ltr'>Μ.</span> <span class='ocrx_word' id='word_1_205' title='bbox 1115 2910 1150 2920; x_wconf 89' lang='grc'>-</span> <span class='ocrx_word' id='word_1_206' title='bbox 1174 2877 1208 2935; x_wconf 88' lang='lat' dir='ltr'>P:</span> <span class='ocrx_word' id='word_1_207' title='bbox 1231 2899 1318 2954; x_wconf 83' lang='lat' dir='ltr'>coque</span> 
     </span>
     <span class='ocr_line' id='line_1_29' title="bbox 865 2965 1191 3025; baseline 0.006 -5"><span class='ocrx_word' id='word_1_208' title='bbox 865 2965 944 3022; x_wconf 86' lang='lat' dir='ltr'>mites</span> <span class='ocrx_word' id='word_1_209' title='bbox 961 2965 1079 3025; x_wconf 72' lang='lat' dir='ltr'>discor-d.</span> <span class='ocrx_word' id='word_1_210' title='bbox 1098 2973 1148 3024; x_wconf 80' lang='lat' dir='ltr'>cet</span> <span class='ocrx_word' id='word_1_211' title='bbox 1189 2981 1191 2988; x_wconf 77' lang='grc'>’</span> 
     </span>
    </p>

    <p class='ocr_par' dir='ltr' id='par_1_9' title="bbox 805 3047 1326 3200">
     <span class='ocr_line' id='line_1_30' title="bbox 805 3047 1313 3131; baseline -0.004 -23"><span class='ocrx_word' id='word_1_212' title='bbox 805 3055 847 3110; x_wconf 87' lang='grc'>17.</span> <span class='ocrx_word' id='word_1_213' title='bbox 865 3051 940 3108; x_wconf 79' lang='lat' dir='ltr'>haut</span> <span class='ocrx_word' id='word_1_214' title='bbox 956 3053 1063 3110; x_wconf 80' lang='lat' dir='ltr'>inuitis</span> <span class='ocrx_word' id='word_1_215' title='bbox 1074 3053 1213 3131; x_wconf 81' lang='lat' dir='ltr'>patribus.</span> <span class='ocrx_word' id='word_1_216' title='bbox 1225 3079 1260 3090; x_wconf 88' lang='lat'>-</span> <span class='ocrx_word' id='word_1_217' title='bbox 1272 3047 1313 3106; x_wconf 84' lang='lat' dir='ltr'>ll:</span> 
     </span>
     <span class='ocr_line' id='line_1_31' title="bbox 865 3137 1326 3200; baseline -0.004 -5"><span class='ocrx_word' id='word_1_218' title='bbox 865 3149 918 3198; x_wconf 88' lang='lat' dir='ltr'>aot.</span> <span class='ocrx_word' id='word_1_219' title='bbox 935 3137 970 3195; x_wconf 84' lang='lat' dir='ltr'>Pr</span> <span class='ocrx_word' id='word_1_220' title='bbox 989 3139 1070 3200; x_wconf 85' lang='lat' dir='ltr'>haud.</span> <span class='ocrx_word' id='word_1_221' title='bbox 1169 3147 1172 3155; x_wconf 89' lang='grc'><strong>“</strong></span> <span class='ocrx_word' id='word_1_222' title='bbox 1324 3147 1326 3153; x_wconf 71' lang='grc'><strong>”</strong></span> 
     </span>
    </p>

    <p class='ocr_par' dir='ltr' id='par_1_10' title="bbox 812 3227 1311 3819">
     <span class='ocr_line' id='line_1_32' title="bbox 812 3227 1311 3306; baseline -0.006 -23"><span class='ocrx_word' id='word_1_223' title='bbox 812 3253 848 3267; x_wconf 83' lang='grc'><em>···-</em></span> <span class='ocrx_word' id='word_1_224' title='bbox 864 3231 1079 3306; x_wconf 78' lang='lat' dir='ltr'>praerogatiua</span> <span class='ocrx_word' id='word_1_225' title='bbox 1100 3228 1245 3284; x_wconf 82' lang='lat' dir='ltr'>tribunum</span> <span class='ocrx_word' id='word_1_226' title='bbox 1261 3227 1311 3281; x_wconf 90' lang='lat' dir='ltr'>mi·</span> 
     </span>
     <span class='ocr_line' id='line_1_33' title="bbox 865 3315 1309 3390; baseline -0.002 -21"><span class='ocrx_word' id='word_1_227' title='bbox 865 3315 949 3370; x_wconf 89' lang='lat' dir='ltr'>litum</span> <span class='ocrx_word' id='word_1_228' title='bbox 968 3333 1028 3371; x_wconf 87' lang='lat' dir='ltr'>non</span> <span class='ocrx_word' id='word_1_229' title='bbox 1039 3323 1186 3390; x_wconf 79' lang='lat' dir='ltr'>potentem</span> <span class='ocrx_word' id='word_1_230' title='bbox 1198 3322 1309 3370; x_wconf 81' lang='lat' dir='ltr'>creant:</span> 
     </span>
     <span class='ocr_line' id='line_1_34' title="bbox 864 3399 1309 3480; baseline -0.002 -24"><span class='ocrx_word' id='word_1_231' title='bbox 864 3399 900 3456; x_wconf 82' lang='lat' dir='ltr'>ll.</span> <span class='ocrx_word' id='word_1_232' title='bbox 918 3429 953 3442; x_wconf 80' lang='lat'>-·</span> <span class='ocrx_word' id='word_1_233' title='bbox 970 3401 1005 3458; x_wconf 86' lang='lat' dir='ltr'>P:</span> <span class='ocrx_word' id='word_1_234' title='bbox 1022 3404 1162 3480; x_wconf 83' lang='lat' dir='ltr'>progatioa</span> <span class='ocrx_word' id='word_1_235' title='bbox 1180 3401 1309 3458; x_wconf 88' lang='lat' dir='ltr'>tribunum</span> 
     </span>
     <span class='ocr_line' id='line_1_35' title="bbox 864 3489 1308 3564; baseline -0.002 -19"><span class='ocrx_word' id='word_1_236' title='bbox 864 3489 979 3547; x_wconf 87' lang='lat' dir='ltr'>militum</span> <span class='ocrx_word' id='word_1_237' title='bbox 997 3509 1052 3546; x_wconf 89' lang='lat' dir='ltr'>non</span> <span class='ocrx_word' id='word_1_238' title='bbox 1070 3497 1206 3564; x_wconf 86' lang='lat' dir='ltr'>potentem</span> <span class='ocrx_word' id='word_1_239' title='bbox 1216 3495 1308 3544; x_wconf 86' lang='lat' dir='ltr'>creant.</span> 
     </span>
     <span class='ocr_line' id='line_1_36' title="bbox 862 3574 1307 3658; baseline -0.02 -24"><span class='ocrx_word' id='word_1_240' title='bbox 862 3597 898 3636; x_wconf 87' lang='lat' dir='ltr'>m.</span> <span class='ocrx_word' id='word_1_241' title='bbox 908 3580 957 3636; x_wconf 60' lang='lat'>12:</span> <span class='ocrx_word' id='word_1_242' title='bbox 975 3579 1122 3658; x_wconf 77' lang='lat' dir='ltr'>progatiua.</span> <span class='ocrx_word' id='word_1_243' title='bbox 1136 3602 1170 3616; x_wconf 56' lang='lat'>*—</span> <span class='ocrx_word' id='word_1_244' title='bbox 1188 3574 1307 3648; x_wconf 83' lang='lat' dir='ltr'>Sigonius</span> 
     </span>
     <span class='ocr_line' id='line_1_37' title="bbox 862 3662 1306 3740; baseline -0.011 -18"><span class='ocrx_word' id='word_1_245' title='bbox 862 3666 944 3722; x_wconf 83' lang='lat' dir='ltr'>scribi</span> <span class='ocrx_word' id='word_1_246' title='bbox 955 3665 1069 3720; x_wconf 83' lang='lat' dir='ltr'>malebat</span> <span class='ocrx_word' id='word_1_247' title='bbox 1074 3662 1306 3740; x_wconf 77' lang='lat' dir='ltr'>praerogatiuae.</span> 
     </span>
     <span class='ocr_line' id='line_1_38' title="bbox 863 3749 1307 3819; baseline -0.014 -11"><span class='ocrx_word' id='word_1_248' title='bbox 863 3749 907 3808; x_wconf 81' lang='lat' dir='ltr'>cf.</span> <span class='ocrx_word' id='word_1_249' title='bbox 926 3753 976 3819; x_wconf 69' lang='lat'>26,</span> <span class='ocrx_word' id='word_1_250' title='bbox 994 3753 1050 3807; x_wconf 72' lang='lat' dir='ltr'>an:</span> <span class='ocrx_word' id='word_1_251' title='bbox 1079 3769 1163 3818; x_wconf 83' lang='lat' dir='ltr'>„cum</span> <span class='ocrx_word' id='word_1_252' title='bbox 1180 3749 1307 3804; x_wconf 83' lang='lat' dir='ltr'>centurio</span> 
     </span>
    </p>
   </div>
   <div class='ocr_carea' id='block_1_9' title="bbox 186 2871 734 3817">
    <p class='ocr_par' dir='ltr' id='par_1_11' title="bbox 280 2871 733 2952">
     <span class='ocr_line' id='line_1_39' title="bbox 280 2871 733 2952; baseline 0.022 -24"><span class='ocrx_word' id='word_1_253' title='bbox 280 2900 314 2914; x_wconf 94' lang='lat'>-·</span> <span class='ocrx_word' id='word_1_254' title='bbox 326 2871 349 2928; x_wconf 94' lang='lat' dir='ltr'><strong>P</strong></span> <span class='ocrx_word' id='word_1_255' title='bbox 360 2893 396 2932; x_wconf 89' lang='lat' dir='ltr'>m.</span> <span class='ocrx_word' id='word_1_256' title='bbox 410 2875 449 2932; x_wconf 76' lang='lat' dir='ltr'>I.=</span> <span class='ocrx_word' id='word_1_257' title='bbox 463 2875 733 2952; x_wconf 84' lang='lat' dir='ltr'>interrepellantibus.</span> 
     </span>
    </p>

    <p class='ocr_par' dir='ltr' id='par_1_12' title="bbox 235 2958 732 3040">
     <span class='ocr_line' id='line_1_40' title="bbox 235 2958 732 3040; baseline 0.024 -28"><span class='ocrx_word' id='word_1_258' title='bbox 235 2958 263 3014; x_wconf 81' lang='lat'>3.</span> <span class='ocrx_word' id='word_1_259' title='bbox 282 2979 360 3034; x_wconf 74' lang='lat' dir='ltr'>quoe</span> <span class='ocrx_word' id='word_1_260' title='bbox 383 2961 455 3018; x_wconf 80' lang='lat' dir='ltr'>dum</span> <span class='ocrx_word' id='word_1_261' title='bbox 476 2972 622 3040; x_wconf 80' lang='lat' dir='ltr'>aguntur.-</span> <span class='ocrx_word' id='word_1_262' title='bbox 639 2963 674 3023; x_wconf 90' lang='grc' dir='ltr'>Μ.</span> <span class='ocrx_word' id='word_1_263' title='bbox 697 2993 732 3009; x_wconf 88' lang='grc'>-·</span> 
     </span>
    </p>

    <p class='ocr_par' dir='ltr' id='par_1_13' title="bbox 186 3043 734 3379">
     <span class='ocr_line' id='line_1_41' title="bbox 186 3043 734 3123; baseline 0.018 -25"><span class='ocrx_word' id='word_1_264' title='bbox 186 3076 189 3093; x_wconf 81' lang='lat'><strong>.</strong></span> <span class='ocrx_word' id='word_1_265' title='bbox 275 3043 312 3100; x_wconf 89' lang='lat' dir='ltr'>P:</span> <span class='ocrx_word' id='word_1_266' title='bbox 336 3048 467 3122; x_wconf 84' lang='lat' dir='ltr'>quaedam</span> <span class='ocrx_word' id='word_1_267' title='bbox 484 3059 605 3123; x_wconf 78' lang='lat' dir='ltr'>aguntur.</span> <span class='ocrx_word' id='word_1_268' title='bbox 627 3081 661 3094; x_wconf 86' lang='lat'>-</span> <span class='ocrx_word' id='word_1_269' title='bbox 684 3049 734 3108; x_wconf 83' lang='grc' dir='ltr'>ΡΜ</span> 
     </span>
     <span class='ocr_line' id='line_1_42' title="bbox 280 3131 732 3194; baseline 0.015 -7"><span class='ocrx_word' id='word_1_270' title='bbox 280 3131 341 3190; x_wconf 90' lang='lat' dir='ltr'>cod.</span> <span class='ocrx_word' id='word_1_271' title='bbox 364 3133 467 3193; x_wconf 76' lang='lat' dir='ltr'>libem:</span> <span class='ocrx_word' id='word_1_272' title='bbox 494 3139 621 3193; x_wconf 70' lang='lat' dir='ltr'>eonciltb</span> <span class='ocrx_word' id='word_1_273' title='bbox 643 3139 732 3194; x_wconf 85' lang='lat' dir='ltr'>Etru·</span> 
     </span>
     <span class='ocr_line' id='line_1_43' title="bbox 278 3220 733 3294; baseline 0.02 -19"><span class='ocrx_word' id='word_1_274' title='bbox 278 3221 343 3276; x_wconf 82' lang='lat' dir='ltr'>riae</span> <span class='ocrx_word' id='word_1_275' title='bbox 359 3221 404 3278; x_wconf 84' lang='lat' dir='ltr'>od</span> <span class='ocrx_word' id='word_1_276' title='bbox 417 3220 532 3294; x_wconf 81' lang='lat' dir='ltr'>fanum</span> <span class='ocrx_word' id='word_1_277' title='bbox 550 3223 733 3284; x_wconf 78' lang='lat' dir='ltr'>Voltumnae</span> 
     </span>
     <span class='ocr_line' id='line_1_44' title="bbox 277 3305 549 3379; baseline 0.022 -15"><span class='ocrx_word' id='word_1_278' title='bbox 277 3305 389 3370; x_wconf 71' lang='lat' dir='ltr'>hodio.</span> <span class='ocrx_word' id='word_1_279' title='bbox 407 3310 443 3370; x_wconf 84' lang='lat' dir='ltr'>cl.</span> <span class='ocrx_word' id='word_1_280' title='bbox 460 3311 487 3379; x_wconf 82' lang='lat' dir='ltr'>I,</span> <span class='ocrx_word' id='word_1_281' title='bbox 505 3313 549 3370; x_wconf 77' lang='lat'>23.</span> 
     </span>
    </p>

    <p class='ocr_par' dir='ltr' id='par_1_14' title="bbox 231 3394 731 3737">
     <span class='ocr_line' id='line_1_45' title="bbox 231 3394 731 3460; baseline 0.02 -12"><span class='ocrx_word' id='word_1_282' title='bbox 231 3394 259 3452; x_wconf 84' lang='lat'>8.</span> <span class='ocrx_word' id='word_1_283' title='bbox 276 3395 439 3458; x_wconf 75' lang='lat' dir='ltr'>auxilinm:</span> <span class='ocrx_word' id='word_1_284' title='bbox 457 3397 487 3460; x_wconf 90' lang='lat' dir='ltr'>P.</span> <span class='ocrx_word' id='word_1_285' title='bbox 501 3431 536 3442; x_wconf 87' lang='lat'>-</span> <span class='ocrx_word' id='word_1_286' title='bbox 546 3398 575 3458; x_wconf 92' lang='grc' dir='ltr'><strong>Μ</strong></span> <span class='ocrx_word' id='word_1_287' title='bbox 585 3417 621 3460; x_wconf 86' lang='lat' dir='ltr'>m.</span> <span class='ocrx_word' id='word_1_288' title='bbox 635 3403 672 3458; x_wconf 87' lang='lat'>1.:</span> <span class='ocrx_word' id='word_1_289' title='bbox 686 3420 731 3458; x_wconf 81' lang='lat' dir='ltr'>au·</span> 
     </span>
     <span class='ocr_line' id='line_1_46' title="bbox 275 3477 730 3566; baseline 0.02 -31"><span class='ocrx_word' id='word_1_290' title='bbox 275 3477 351 3540; x_wconf 86' lang='lat' dir='ltr'>inio.</span> <span class='ocrx_word' id='word_1_291' title='bbox 378 3503 414 3542; x_wconf 91' lang='lat' dir='ltr'>m.</span> <span class='ocrx_word' id='word_1_292' title='bbox 432 3487 472 3566; x_wconf 56' lang='lat' dir='ltr'>Pp·</span> <span class='ocrx_word' id='word_1_293' title='bbox 495 3489 603 3550; x_wconf 78' lang='lat' dir='ltr'>auxiliit.</span> <span class='ocrx_word' id='word_1_294' title='bbox 629 3517 665 3533; x_wconf 81' lang='grc'>·-</span> <span class='ocrx_word' id='word_1_295' title='bbox 688 3488 730 3546; x_wconf 77' lang='lat' dir='ltr'>Ilia</span> 
     </span>
     <span class='ocr_line' id='line_1_47' title="bbox 277 3565 730 3654; baseline 0.031 -33"><span class='ocrx_word' id='word_1_296' title='bbox 277 3565 414 3628; x_wconf 87' lang='lat' dir='ltr'>deberent.</span> <span class='ocrx_word' id='word_1_297' title='bbox 430 3575 563 3630; x_wconf 85' lang='lat' dir='ltr'>-nutitiam</span> <span class='ocrx_word' id='word_1_298' title='bbox 583 3579 587 3645; x_wconf 92' lang='grc' dir='ltr'>Ι</span> <span class='ocrx_word' id='word_1_299' title='bbox 611 3588 661 3654; x_wconf 79' lang='lat' dir='ltr'>pto</span> <span class='ocrx_word' id='word_1_300' title='bbox 691 3597 730 3638; x_wconf 84' lang='lat' dir='ltr'>se.</span> 
     </span>
     <span class='ocr_line' id='line_1_48' title="bbox 277 3650 730 3737; baseline 0.04 -30"><span class='ocrx_word' id='word_1_301' title='bbox 277 3650 314 3707; x_wconf 81' lang='lat' dir='ltr'>P:</span> <span class='ocrx_word' id='word_1_302' title='bbox 331 3672 403 3710; x_wconf 85' lang='lat' dir='ltr'>nunc</span> <span class='ocrx_word' id='word_1_303' title='bbox 419 3657 474 3714; x_wconf 85' lang='lat' dir='ltr'>iam</span> <span class='ocrx_word' id='word_1_304' title='bbox 486 3679 571 3737; x_wconf 90' lang='lat' dir='ltr'>prope</span> <span class='ocrx_word' id='word_1_305' title='bbox 589 3662 730 3726; x_wconf 74' lang='lat' dir='ltr'>sonoram.</span> 
     </span>
    </p>

    <p class='ocr_par' dir='ltr' id='par_1_15' title="bbox 215 3739 731 3817">
     <span class='ocr_line' id='line_1_49' title="bbox 215 3739 731 3817; baseline 0.027 -24"><span class='ocrx_word' id='word_1_306' title='bbox 215 3739 258 3799; x_wconf 86' lang='lat'>10.</span> <span class='ocrx_word' id='word_1_307' title='bbox 273 3749 391 3817; x_wconf 77' lang='lat' dir='ltr'>gentem</span> <span class='ocrx_word' id='word_1_308' title='bbox 415 3744 614 3804; x_wconf 80' lang='lat' dir='ltr'>inuisitatem:</span> <span class='ocrx_word' id='word_1_309' title='bbox 641 3749 677 3808; x_wconf 88' lang='grc' dir='ltr'>Μ.</span> <span class='ocrx_word' id='word_1_310' title='bbox 696 3781 731 3795; x_wconf 88' lang='lat'>-</span> 
     </span>
    </p>
   </div>
   <div class='ocr_carea' id='block_1_10' title="bbox 272 3825 748 4247">
    <p class='ocr_par' dir='ltr' id='par_1_16' title="bbox 272 3825 748 4247">
     <span class='ocr_line' id='line_1_50' title="bbox 274 3825 744 3903; baseline 0.026 -20"><span class='ocrx_word' id='word_1_311' title='bbox 274 3825 309 3884; x_wconf 84' lang='lat' dir='ltr'>P:</span> <span class='ocrx_word' id='word_1_312' title='bbox 327 3835 435 3903; x_wconf 84' lang='lat' dir='ltr'>gentem</span> <span class='ocrx_word' id='word_1_313' title='bbox 455 3832 681 3894; x_wconf 76' lang='lat' dir='ltr'>inuisiutem.·-</span> <span class='ocrx_word' id='word_1_314' title='bbox 706 3837 744 3894; x_wconf 62' lang='lat' dir='ltr'>P.</span> 
     </span>
     <span class='ocr_line' id='line_1_51' title="bbox 275 3919 727 3998; baseline 0.022 -26"><span class='ocrx_word' id='word_1_315' title='bbox 275 3935 310 3974; x_wconf 87' lang='lat' dir='ltr'>m.</span> <span class='ocrx_word' id='word_1_316' title='bbox 337 3919 374 3975; x_wconf 86' lang='lat'>1.:</span> <span class='ocrx_word' id='word_1_317' title='bbox 407 3938 458 3975; x_wconf 88' lang='lat' dir='ltr'>nec</span> <span class='ocrx_word' id='word_1_318' title='bbox 487 3939 541 3998; x_wconf 86' lang='lat' dir='ltr'>pex</span> <span class='ocrx_word' id='word_1_319' title='bbox 569 3924 634 3978; x_wconf 90' lang='lat' dir='ltr'>satis</span> <span class='ocrx_word' id='word_1_320' title='bbox 664 3926 727 3984; x_wconf 83' lang='lat' dir='ltr'>fida.</span> 
     </span>
     <span class='ocr_line' id='line_1_52' title="bbox 274 4006 726 4084; baseline 0.027 -27"><span class='ocrx_word' id='word_1_321' title='bbox 274 4023 310 4062; x_wconf 89' lang='lat' dir='ltr'>ru.</span> <span class='ocrx_word' id='word_1_322' title='bbox 329 4006 369 4062; x_wconf 52' lang='grc' dir='ltr'>Ἅι</span> <span class='ocrx_word' id='word_1_323' title='bbox 387 4025 450 4084; x_wconf 85' lang='lat' dir='ltr'>pax.</span> <span class='ocrx_word' id='word_1_324' title='bbox 462 4006 531 4065; x_wconf 78' lang='lat' dir='ltr'>-P</span> <span class='ocrx_word' id='word_1_325' title='bbox 549 4014 636 4068; x_wconf 85' lang='lat' dir='ltr'>m.1.=</span> <span class='ocrx_word' id='word_1_326' title='bbox 654 4031 726 4068; x_wconf 87' lang='lat' dir='ltr'>cum·</span> 
     </span>
     <span class='ocr_line' id='line_1_53' title="bbox 272 4095 729 4168; baseline 0.022 -23"><span class='ocrx_word' id='word_1_327' title='bbox 272 4095 487 4168; x_wconf 74' lang='lat' dir='ltr'>sanguineorum.</span> <span class='ocrx_word' id='word_1_328' title='bbox 511 4127 545 4138; x_wconf 89' lang='lat'>-—</span> <span class='ocrx_word' id='word_1_329' title='bbox 570 4095 633 4156; x_wconf 85' lang='lat' dir='ltr'>PlI:</span> <span class='ocrx_word' id='word_1_330' title='bbox 651 4107 684 4154; x_wconf 87' lang='lat' dir='ltr'>nt</span> <span class='ocrx_word' id='word_1_331' title='bbox 699 4101 729 4157; x_wconf 87' lang='lat' dir='ltr'>si</span> 
     </span>
     <span class='ocr_line' id='line_1_54' title="bbox 274 4179 748 4247; baseline 0.03 -19"><span class='ocrx_word' id='word_1_332' title='bbox 274 4179 327 4247; x_wconf 80' lang='lat' dir='ltr'>qni</span> <span class='ocrx_word' id='word_1_333' title='bbox 343 4179 503 4240; x_wconf 79' lang='lat' dir='ltr'>iuuentutis</span> <span class='ocrx_word' id='word_1_334' title='bbox 524 4200 599 4240; x_wconf 77' lang='lat' dir='ltr'>enoc</span> <span class='ocrx_word' id='word_1_335' title='bbox 622 4185 748 4241; x_wconf 58' lang='lat' dir='ltr'>velun-1</span> 
     </span>
    </p>
   </div>
   <div class='ocr_carea' id='block_1_11' title="bbox 859 3833 1305 4262">
    <p class='ocr_par' dir='ltr' id='par_1_17' title="bbox 859 3833 1305 4262">
     <span class='ocr_line' id='line_1_55' title="bbox 861 3833 1305 3916; baseline -0.011 -22"><span class='ocrx_word' id='word_1_336' title='bbox 861 3839 985 3916; x_wconf 78' lang='lat' dir='ltr'>frequens</span> <span class='ocrx_word' id='word_1_337' title='bbox 1003 3836 1192 3894; x_wconf 86' lang='lat' dir='ltr'>succlamasset</span> <span class='ocrx_word' id='word_1_338' title='bbox 1203 3833 1265 3890; x_wconf 87' lang='lat' dir='ltr'>nibil</span> <span class='ocrx_word' id='word_1_339' title='bbox 1275 3853 1305 3891; x_wconf 89' lang='lat' dir='ltr'>se</span> 
     </span>
     <span class='ocr_line' id='line_1_56' title="bbox 860 3913 1305 3998; baseline -0.011 -16"><span class='ocrx_word' id='word_1_340' title='bbox 860 3937 962 3982; x_wconf 85' lang='lat' dir='ltr'>motare</span> <span class='ocrx_word' id='word_1_341' title='bbox 979 3927 1129 3982; x_wconf 86' lang='lat' dir='ltr'>sententiae</span> <span class='ocrx_word' id='word_1_342' title='bbox 1151 3913 1305 3998; x_wconf 81' lang='lat' dir='ltr'>eosdemque</span> 
     </span>
     <span class='ocr_line' id='line_1_57' title="bbox 859 4009 1303 4070; baseline 0.007 -3"><span class='ocrx_word' id='word_1_343' title='bbox 859 4011 982 4070; x_wconf 75' lang='lat' dir='ltr'>consides</span> <span class='ocrx_word' id='word_1_344' title='bbox 1000 4013 1245 4070; x_wconf 69' lang='lat' dir='ltr'>dicturos&#39;esae“.</span> <span class='ocrx_word' id='word_1_345' title='bbox 1270 4009 1303 4070; x_wconf 82' lang='lat' dir='ltr'>cf.</span> 
     </span>
     <span class='ocr_line' id='line_1_58' title="bbox 861 4097 1301 4176; baseline 0.002 -20"><span class='ocrx_word' id='word_1_346' title='bbox 861 4101 940 4156; x_wconf 86' lang='lat' dir='ltr'>etiam</span> <span class='ocrx_word' id='word_1_347' title='bbox 959 4101 985 4166; x_wconf 82' lang='lat'>3,</span> <span class='ocrx_word' id='word_1_348' title='bbox 998 4101 1055 4158; x_wconf 61' lang='lat' dir='ltr'>orn</span> <span class='ocrx_word' id='word_1_349' title='bbox 1074 4097 1301 4176; x_wconf 81' lang='lat' dir='ltr'>„praerogativa“.</span> 
     </span>
     <span class='ocr_line' id='line_1_59' title="bbox 859 4185 1301 4262; baseline -0.005 -18"><span class='ocrx_word' id='word_1_350' title='bbox 859 4217 893 4228; x_wconf 86' lang='grc'>-</span> <span class='ocrx_word' id='word_1_351' title='bbox 903 4185 972 4244; x_wconf 87' lang='lat' dir='ltr'>lim.</span> <span class='ocrx_word' id='word_1_352' title='bbox 981 4190 994 4240; x_wconf 87' lang='grc'>1</span> <span class='ocrx_word' id='word_1_353' title='bbox 1002 4205 1010 4242; x_wconf 76' lang='lat' dir='ltr'>t</span> <span class='ocrx_word' id='word_1_354' title='bbox 1020 4188 1202 4262; x_wconf 80' lang='lat' dir='ltr'>magistratum</span> <span class='ocrx_word' id='word_1_355' title='bbox 1211 4186 1301 4242; x_wconf 72' lang='lat' dir='ltr'>ndum</span> 
     </span>
    </p>
   </div>
   <div class='ocr_carea' id='block_1_12' title="bbox 0 0 1382 4720">
    <p class='ocr_par' dir='ltr' id='par_1_18' title="bbox 0 0 1382 4720">
     <span class='ocr_line' id='line_1_60' title="bbox 0 0 1382 4720; baseline 0 9"><span class='ocrx_word' id='word_1_356' title='bbox 0 0 1382 4720; x_wconf 95' lang='lat' dir='ltr'> </span> 
     </span>
    </p>
   </div>
  </div>
 </body>
</html>
