2860 4736
1304 213 1310 222 =
1420 193 1422 234 Ι

242 295 303 362 rer
663 306 844 387 [mnan.

147 498 151 504 ⁴
240 471 487 562 damnatumque
508 471 619 562 populi
641 465 769 554 iudicis,
795 470 911 538 dinrtas
932 465 1057 560 publice
1079 469 1183 538 aeder.
1207 492 1261 536 *ea
1285 480 1336 538 est
1420 493 1422 598 1

240 597 311 652 area
340 586 411 642 ante
433 576 570 644 Telluris
599 575 720 641 aedem.
759 585 899 640 ceterum
926 573 993 640 sive
1019 571 1096 640 illud
1118 574 1336 642 domesticum

239 663 482 770 sivepublieum
498 681 557 747 luit
570 679 728 761 iudicium,
748 677 912 744 damnetur
926 677 1038 746 Servio
1054 675 1201 762 Carmelio
1215 677 1257 764 Q
1272 677 1333 744 Fa·
1413 713 1422 720 ·-

82 795 87 804 ’
164 857 167 864 .
238 781 291 849 bie
315 785 506 852 consulibus.
1207 794 1210 812 ‘

207 895 225 948 5
325 887 421 954 XLII.
464 887 558 956 Haud
579 888 722 956 diuturna
745 886 789 953 ira
811 884 922 980 populi
942 884 974 950 in
997 882 1142 952 Cassium
1162 885 1231 952 luit.
1262 886 1332 953 dul-

239 991 319 1057 tedo
342 991 479 1082 agrariae
500 992 578 1083 legis
600 993 668 1083 ipsa
689 1015 750 1085 per
768 1013 803 1058 se
818 991 949 1080 dempto
971 998 1101 1083 austere
1120 987 1246 1056 subibat
1267 991 1331 1056 ani·

239 1117 322 1176 mos,
351 1119 548 1185 accensaque
570 1093 620 1162 ea*
637 1090 790 1186 cupiditas
811 1107 861 1162 est
886 1092 1086 1184 malignitate*
1102 1105 1242 1183 patrum,
1275 1095 1330 1185 qui

239 1183 368 1266 devietis
390 1223 430 1266 eo
453 1222 536 1266 enno
557 1197 683 1268 Volscis
702 1198 887 1288 Aequisque
908 1196 1041 1268 militem
1065 1198 1183 1287 praeda
1204 1199 1329 1266 frauda-

237 1313 321 1370 vere.
337 1303 496 1394 quidquid
519 1315 648 1394 captum
668 1326 709 1368 ex
723 1301 868 1370 hostibus
890 1314 947 1385 est,
968 1301 1110 1374 vendidit
1122 1301 1238 1372 Fabius
1254 1325 1330 1370 con-

191 1407 286 1474 ttsul
314 1428 355 1496 ar.
377 1407 498 1498 redegit
523 1408 555 1474 in
582 1407 753 1500 publicum.
797 1406 937 1506 Invisum
965 1417 1032 1474 erat
1051 1405 1183 1474 Fabium
1208 1431 1330 1474 nomen

235 1509 322 1600 plebi
337 1521 472 1602 propter
493 1512 700 1581 novissimum
722 1507 902 1578 consulem:
935 1521 1064 1580 tenuere
1086 1522 1201 1604 tamen
1218 1523 1329 1602 patres

235 1625 271 1680 ut
295 1613 426 1683 cumb.
447 1615 583 1684 Aemilio
606 1615 708 1684 Caeso
730 1611 845 1682 Fabius
873 1597 985 1686 00an
1014 1627 1181 1684 crearetur.
1210 1639 1254 1682 eo
1281 1615 1326 1682 in'-
1419 1651 1422 1752 p

234 1717 343 1786 festior
364 1719 447 1814 lapte
468 1719 579 1810 plebes
601 1720 755 1788 seditione
771 1717 943 1789 domestica
956 1716 1077 1786 bellurn
1091 1730 1257 1788 externum
1272 1744 1326 1787 ex·
1421 1763 1422 1768 κ

235 1822 317 1894 civit.
338 1823 425 1892 belle
447 1823 560 1890 deinde
582 1825 689 1894 civiles
713 1821 886 1892 discordiae
900 1821 1109 1892 mtennismez
1131 1849 1196 1892 uno
1219 1826 1327 1894 anime

189 1931 222 1989 15
233 1937 338 2016 patres
361 1949 398 1994 ac
419 1925 520 2015 plebs,
533 1926 722 2002 rebellantes
744 1926 881 1998 Volscos
910 1937 943 1996 et
961 1926 1093 2018 Aequos
1119 1929 1200 1998 duce
1221 1928 1325 1998 Aemi·

232 2028 276 2096 lio
297 2053 450 2120 prospera
471 2053 577 2120 pugna
598 2030 712 2098 vicere.
748 2029 820 2122 plus
842 2039 949 2098 tamen
970 2030 1110 2098 bostium
1130 2033 1203 2124 luga
1226 2058 1323 2124 quam

232 2133 387 2222 proelium
415 2133 597 2224 absumpsit,
630 2135 709 2202 adeo
742 2134 941 2222 pertinaciter
966 2135 1055 2204 flues
1085 2135 1221 2204 inseeuti
1248 2150 1325 2206 sunt
1420 2161 1422 2178 ⁵

233 2237 364 2325 equites.
389 2237 545 2308 Castoris.
559 2238 653 2307 aedes
681 2237 796 2306 endem
825 2262 907 2306 anno
935 2239 1037 2310 idibus
1060 2240 1249 2326 Quintilibus
1270 2242 1322 2310 de·
1419 2195 1422 2330 Ι

232 2339 332 2408 dicata
357 2351 419 2410 est:
435 2351 518 2412 ⁴vota
540 2353 608 2408 erat
621 2341 733 2414 Latine
755 2340 841 2410 bello
861 2343 1037 2441 Postumio¹
1050 2344 1217 2414 dictatore:
1238 2346 1326 2414 filius

184 2443 299 2512 aerius
320 2444 466 2513 duumvir
488 2445 528 2513 ad
549 2446 581 2513 id
609 2445 712 2536 ipsum
733 2457 864 2514 -creatus
893 2447 1057 2517 dedicavit.
1101 2449 1266 2516 sollicitati
1288 2463 1321 2518 et

8 2543 9 2630 J
129 2571 131 2582 ’
231 2570 271 2614 eo
293 2571 375 2614 anno
397 2561 471 2617 sunt
492 2550 658 2624 dulcedine
681 2550 817 2641 agrariae
839 2551 917 2642 legis
940 2553 1035 2619 animi
1056 2554 1167 2645 plebis.
1204 2556 1319 2621 tribuni

8 2637 9 2646 Μ
229 2649 314 2740 plebi
336 2653 522 2744 popularem
543 2665 735 2744 potestatem
755 2655 992 2748 legepopulari
1015 2659 1231 2756 celebrabant:
1265 2685 1317 2750 pa·.

230 2766 293 2822 tres
315 2755 389 2822 satis
411 2781 571 2849 superque
592 2758 717 2848 gratuiti
737 2757 853 2827 favoris
875 2760 907 2826 in
935 2761 1168 2829 multitudinem
1190 2765 1316 2831 creden-

291 2917 361 2974 bllce
378 2921 457 2988 edes.
476 2922 497 2987 P
515 2941 550 2982 m.
570 2927 608 2980 1.:
624 2926 740 2997 publice
810 2928 852 2984 12.
871 2926 965 2983 Caesa
976 2925 1148 3000 Fattursr]
1163 2927 1198 2990 K.
1209 2927 1315 2990 Fabius.

290 3005 362 3063 edes
391 3016 436 3062 est
458 3027 545 3063 area:
574 3008 623 3064 sed
646 3011 738 3066 endem
869 3042 900 3052 ·-
918 3010 959 3066 M:
978 3031 1045 3070 ceso
1056 3013 1165 3085 sabina
1182 3013 1292 3075 consul.

187 3138 190 3142 ,
291 3099 321 3144 ut
338 3087 444 3144 ridetur
461 3096 679 3169 manuscriptum
697 3105 738 3151 est
809 3099 860 3155 13.Ι
866 3098 967 3172 plebea
985 3100 1128 3160 sedtum
1139 3103 1314 3164 domestica:

199 3241 203 3252 .
289 3170 325 3232 ἑο
354 3195 435 3252 supra
462 3185 514 3236 eat.
549 3208 582 3220 -
617 3177 690 3239 Harl.
720 3199 737 3242 1.
867 3183 924 3242 ΡΜ.

289 3261 365 3324 Laid.
377 3283 408 3323 nr
418 3272 569 3326 easrarea:
582 3265 614 3326 b.
626 3286 650 3326 e.
664 3267 738 3326 aa'st
807 3271 851 3329 15.
864 3279 967 3347 patrea
980 3276 1122 3349 aeplcbsr
1133 3277 1189 3336 ΡΜ
1202 3309 1235 3320 -
1249 3275 1313 3334 ΡΜ.

288 3369 367 3410 area.
852 3360 1008 3432 ,proelium
1029 3363 1196 3440 absumpsit.
1219 3397 1252 3408 --
1275 3362 1312 3420 1³2

243 3438 269 3493 3.
288 3436 393 3494 Seruio
413 3437 564 3496 Cornelio:
581 3439 654 3502 ΡΜ(
800 3475 802 3484 ,
830 3509 835 3520 ¹
865 3455 928 3502 suut
944 3451 1076 3524 aequites.
1257 3511 1261 3519 ,

241 3525 268 3586 b.
287 3523 416 3580 subibat.-
442 3525 476 3588 Μ,
503 3528 587 3587 subi.
600 3530 663 3616 hqd:
698 3528 733 3586 P:
805 3532 964 3604 tsedibus
984 3534 1174 3609 Quintilibus.-
1191 3536 1247 3595 ΡΜ.

286 3607 382 3672 littera,
401 3629 467 3683 quae
485 3615 583 3670 interi
600 3624 626 3670 et
643 3615 660 3672 b
678 3615 732 3694 lue·
803 3618 1031 3679 molliebant:
1054 3624 1084 3682 P.
1110 3623 1244 3680 solliciti:
1267 3621 1308 3681 ll:

287 3702 342 3758 rat,
367 3713 441 3748 erasa
464 3706 511 3754 est.
534 3730 566 3742 -
591 3699 612 3755 P
635 3721 670 3760 m.
694 3705 733 3760 1.:
864 3703 1010 3766 haudseio
1029 3717 1158 3767 annecte.
1201 3707 1203 3714 ’

284 3775 448 3851 malignitate.
803 3790 845 3848 Ἡ.
861 3793 973 3850 tribuni
991 3797 1090 3870 plebir
1106 3793 1178 3866 ΡΜ]
1206 3795 1308 3852 tribuni

241 3865 266 3920 9·
286 3863 445 3938 quidquid:
463 3864 533 3939 ΡΜ]
552 3873 686 3950 quiequid.
698 3903 730 3916 -
852 3875 955 3953 plebis.
973 3910 1007 3922 -
1029 3882 1051 3938 P
1072 3902 1108 3942 m.
1131 3886 1170 3940 1.=
1195 3882 1307 3960 pupula·

284 3949 344 4008 Pu:
363 3950 450 4007 labiae
467 3959 521 4010 ets.
761 4011 762 4014 ,
862 3981 918 4020 rem
931 3973 1097 4039 potestatem.
1114 3967 1185 4028 Mm.
1195 3975 1233 4030 l.:
1249 3969 1307 4043 lege

223 4037 264 4094 11.
280 4036 400 4096 tenueere
418 4045 531 4096 tamen.-
554 4040 581 4098 Μ
598 4063 633 4103 m.
657 4048 681 4104 l.
699 4045 728 4104 P.
847 4048 998 4128 pupulam.
1228 4062 1231 4070 '

282 4124 422 4196 optinuere
439 4133 541 4184 tamen:
559 4127 587 4184 Μ
603 4148 639 4188 m.
657 4131 683 4189 2.
799 4135 843 4193 93.
856 4139 983 4209 gratuiti
991 4139 1118 4209 seueris
1134 4144 1166 4198 in
1179 4139 1304 4200 multitu
