2860 4736
250 335 313 404 144
361 381 362 388 ¹
459 299 481 450 '⁸
705 344 863 410 norun

248 513 370 604 liquam
395 513 526 578 ducerez
551 531 624 580 eam
650 527 708 600 per
736 531 837 600 aequa
862 531 925 600 per.
947 509 1055 600 iniqua
1076 505 1347 576 reconciliandam

251 616 367 685 civitati
389 637 469 683 esse.
490 615 536 682 sic
558 611 676 704 placuit
696 611 789 701 igitur
803 623 962 682 oratorem
982 613 1022 680 ud
1038 611 1168 704 plelrem
1180 611 1263 680 mitti
1277 611 1350 683 Me·

251 721 379 789 nenium
399 717 572 810 Agrippam
593 715 766 784 iucundum
785 717 889 784 virum
911 729 944 786 ct
965 754 1009 770 --
1029 716 1119 808 quod
1145 706 1220 784 inrle
1242 718 1351 786 oriun-

252 827 311 892 dus
334 835 402 892 erat
421 863 466 874 --
487 821 574 913 plebi
597 843 715 889 comm.
735 819 763 888 is
784 821 982 890 intromissus
1002 821 1035 888 in
1051 830 1153 888 castra
1169 820 1276 912 priseo
1291 821 1349 890 illo

224 929 374 998 5dicendi
396 939 428 996 ct
449 925 579 1000 horrido
601 926 700 994 modo
722 925 799 994 nihil
815 913 906 994 aliud
928 949 1025 1016 quam
1046 925 1110 994 hoc
1128 947 1274 994 narrasse
1288 925 1351 994 ier·

250 1045 316 1101 tur:
344 1041 488 1122 tempore
517 1054 581 1121 quo
608 1030 642 1097 in
662 1029 792 1098 homine
813 1054 880 1098 nou
901 1040 938 1097 ut
958 1054 1043 1098 nunc
1066 1029 1171 1098 omnia
1192 1029 1226 1096 in
1247 1054 1350 1098 unmu
1374 1061 1378 1066 ·

252 1135 491 1204 consentiebant
512 1136 569 1202 sed
591 1134 719 1226 singulis
741 1121 892 1204 membris
920 1158 1015 1203 suum
1042 1133 1158 1225 cuique
1180 1135 1349 1203 consilius

252 1263 329 1307 suus
351 1231 786 1330 sennoluerauindignatas
807 1240 945 1332 reliquas
967 1251 1073 1331 partes
1100 1262 1157 1310 sua
1186 1264 1261 1308 cura
1289 1263 1349 1306 suo

211 1353 215 1382 ¹
253 1344 362 1411 labore
384 1367 429 1410 ac
443 1343 615 1412 ministerio
637 1341 740 1412 ventri
751 1345 866 1412 ,omnia
889 1345 1006 1438 quaeri,
1028 1356 1173 1414 ventrem
1193 1343 1227 1412 in
1241 1345 1350 1412 medio

209 1449 402 1540 requietum
421 1447 499 1515 nihil
520 1447 604 1518 aliud
627 1473 724 1541 quam
736 1448 816 1518 datis
833 1448 1050 1542 voluptatibus
1065 1449 1136 1534 frui,
1151 1449 1351 1540 conspirasse
1418 1435 1419 1445 ¹

254 1553 327 1620 iude
349 1577 390 1620 ne
412 1577 526 1622 manus
548 1555 588 1622 ad
611 1577 648 1622 os
670 1554 777 1621 cibum
798 1554 916 1623 ferrent
936 1576 998 1622 nec
1010 1575 1048 1622 os
1062 1553 1219 1647 acciperet
1240 1554 1352 1620 datum

107 1683 115 1692 ·
194 1721 196 1726 ,
252 1681 315 1726 nec
337 1657 448 1734 dentes
471 1681 554 1748 quae
578 1651 780 1729 conficerent.
801 1659 863 1729 hac
883 1660 930 1726 ira
947 1659 1024 1726 dum
1036 1670 1181 1727 ventrem
1194 1659 1279 1726 lame
1297 1658 1352 1726 do·

254 1785 342 1830 mare
363 1761 491 1848 vellent,
512 1763 581 1855 ipsa
602 1788 666 1832 una
687 1751 831 1834 membra
852 1774 1021 1855 totumque
1044 1785 1159 1854 corpus
1188 1765 1228 1831 od
1250 1773 1352 1832 extre-

253 1891 342 1934 mam
363 1868 471 1936 tabem
491 1868 627 1936 vertisse.
648 1869 722 1937 inde
751 1869 933 1959 apparuisse
961 1868 1078 1936 ventris
1108 1889 1237 1959 quoque
1264 1865 1352 1935 haud

209 1982 243 2036 15
255 1993 352 2060 segne
373 1971 580 2040 ministerium
602 1993 682 2056 esse,
703 1995 764 2040 nec
785 1972 885 2062 magis
907 1972 949 2040 ali
969 1995 1067 2062 qrram
1088 1972 1173 2040 alere
1191 1967 1270 2040 eum
1283 1971 1351 2038 red·

256 2075 384 2142 dentem
411 2075 444 2140 in
472 2076 574 2142 omnis
603 2076 743 2166 corporis
772 2086 878 2166 partes
905 2076 992 2144 hunc
1019 2101 1085 2168 quo
1112 2076 1248 2146 vivimus
1268 2074 1353 2166 vige-

212 2165 217 2172 ’
255 2201 392 2269 musque
419 2179 555 2260 divismn
581 2180 698 2272 pariter
722 2179 756 2246 in
783 2204 880 2248 venos
910 2192 1070 2249 maturum
1102 2181 1250 2252 comesto
1279 2180 1352 2248 cibo

256 2281 450 2380 sanguinem.
474 2285 675 2376 conparando
697 2284 772 2352 hinc
794 2309 891 2376 pam
912 2285 1058 2354 intestina
1081 2285 1223 2377 corporis
1238 2285 1350 2353 seditio

256 2386 368 2454 similis
391 2385 477 2457 esset
496 2388 561 2456 irae
582 2388 684 2478 plebis
705 2389 739 2455 in
759 2401 875 2481 patres,
897 2391 1023 2460 flexisse
1037 2401 1161 2460 mentes
1175 2389 1350 2458 hominum.

210 2502 245 2558 20
343 2490 489 2562 XXXIII.
532 2491 592 2584 Agr
614 2492 727 2562 deinde
742 2495 782 2562 de
798 2496 967 2583 concordia
983 2490 1135 2586 coeptum
1151 2518 1351 2564 concessum·

257 2619 321 2688 que
348 2597 381 2664 in
408 2596 623 2685 condiciones,
650 2609 686 2666 ut
713 2598 801 2690 plebi
826 2600 876 2668 sui
897 2600 1097 2691 magistratus
1120 2610 1227 2668 essent
1248 2622 1352 2690 sucro

272 2796 298 2855 P.
316 2797 432 2854 ciuitati
448 2819 530 2858 esse:
547 2799 575 2856 Μ
592 2793 627 2860 m.
645 2801 670 2860 2.
683 2799 712 2860 P.
730 2803 767 2858 ci·
899 2808 989 2858 etwas
1002 2799 1159 2858 zennalmco
1169 2787 1302 2859 sollten“.
1315 2830 1350 2844 -

231 2874 239 2894 ‘
318 2885 413 2948 uitatis
431 2905 504 2942 esse:
524 2885 551 2944 ll
569 2908 603 2947 m.
622 2890 647 2946 1.
899 2886 935 2944 P:
956 2907 1015 2944 una
1033 2889 1160 2948 menbra.

263 2997 301 3014 -
317 2971 362 3025 cic
384 2973 498 3045 placuit
523 2975 631 3052 igitur:
657 2973 685 3032 ll
707 2974 778 3034 coda·
839 2975 881 3034 15.
899 2977 996 3054 magis
1018 2976 1063 3032 ali
1087 2995 1192 3054 quam:
1213 2973 1244 3033 P.
1266 2975 1353 3051 magia

316 3053 422 3128 Rhea]
440 3056 540 3134 placuit
557 3060 646 3134 igitur.
896 3063 1044 3138 aliquem:
1061 3061 1097 3120 lll.
1405 3054 1410 3062 ⁴

223 3162 231 3180 ⁸
274 3143 300 3201 7.
318 3145 550 3202 consentiebant:
561 3143 691 3218 Harena]
704 3164 767 3204 eon·
838 3149 881 3206 16.
898 3149 929 3204 in
946 3149 1057 3206 omnis:
1075 3147 1124 3222 ll]
1147 3152 1176 3207 ln
1194 3169 1296 3208 omues.
1313 3179 1352 3194 -

316 3231 434 3287 sentiant
466 3230 556 3303 (ΡΜ).
588 3231 622 3292 cl.
648 3231 679 3291 T.
705 3232 767 3291 Livi
897 3233 1369 3324 Ι)11;,1ιιιιιοᾳιιο.-Ρ11;ηιιμ1

196 3387 197 3390 Ἴ
316 3307 440 3378 [XXX.
465 3341 494 3398 p.
516 3319 616 3381 XXlll.
634 3323 660 3381 3.
676 3352 711 3366 -
729 3321 766 3380 P:
898 3330 1005 3381 turum.

316 3408 452 3467 menbris.
621 3444 623 3454 ι
837 3410 879 3468 19.
897 3411 1021 3468 smilis:
1039 3407 1061 3468 P
1078 3431 1113 3470 m.
1131 3414 1157 3470 2.
1166 3410 1201 3471 ll.
1219 3413 1350 3470 slmiles:

167 3561 169 3571 .
251 3494 773 3568 ·8.sermofuerar.·Pm.1.Harl.
897 3496 973 3558 Pm.
992 3501 1017 3557 1.

288 3642 293 3660 N
316 3582 356 3653 r.]
374 3595 462 3640 sermo
480 3583 560 3642 luerit
578 3575 616 3654 (P
629 3605 664 3642 m.
676 3586 701 3640 2.
713 3583 765 3655 ll).
835 3585 880 3644 20.
896 3587 950 3665 ogi
966 3585 1075 3643 deinde
1099 3585 1137 3641 dc
1157 3602 1252 3640 cona.-
1274 3583 1350 3659 PM]

176 3711 177 3719 ,
265 3671 271 3686 “
316 3665 765 3751 ·7·Pm.1.:indignitus.m.i.r
897 3674 938 3748 agi
956 3673 1045 3730 dein..

315 3752 495 3830 indignatas.
665 3797 671 3806 ,
833 3786 869 3802 -
895 3768 1124 3831 concessumque
1146 3756 1178 3810 in
1201 3755 1350 3815 condicio·

255 3839 297 3898 ts.
315 3857 369 3894 nec
399 3840 502 3899 denter
538 3863 614 3920 quae
643 3845 763 3920 confice·
791 3873 800 3888 ι
833 3881 839 3884 -
897 3863 968 3900 nes:
993 3843 1013 3898 P
1035 3859 1071 3900 m.
1094 3843 1120 3900 P.
1143 3873 1178 3886 -
1201 3840 1223 3898 P
1246 3863 1281 3901 m.
1308 3847 1347 3922 1.

314 3935 395 3982 rent:
419 3925 492 3987 Harl.
510 3947 526 3987 1.
550 3927 627 3990 Lern
649 3935 691 4005 1.]
713 3951 764 3989 uec
895 3946 1149 4007 concessumumqoe
1166 3930 1195 3986 iu
1213 3931 1347 3988 conditio-

315 4013 408 4071 dentes
427 4015 588 4074 conficerent
604 4005 762 4090 (Pul-rr:
892 4035 949 4074 nes.
966 4016 1009 4073 ll:
1028 4037 1237 4095 concessumque
1252 4017 1346 4075 condi·

97 4125 100 4132 ⁴
193 4133 195 4145 ⁴
312 4102 480 4160 necdentes
500 4123 556 4182 pne
572 4107 786 4180 conficerentr.
894 4105 932 4160 rio
948 4105 954 4177 1
969 4124 1026 4164 nes.

313 4189 408 4257 „noch
426 4187 484 4247 (lale
496 4191 540 4249 dte
553 4191 644 4250 Ztlmc
655 4194 763 4272 legend
831 4193 875 4250 ll.
892 4195 1089 4250 sacrosancti.-
1106 4193 1141 4254 Μ.
1154 4196 1300 4252 socrosci:
1312 4192 1342 4252 P.
