2812 4724
220 293 286 372 tot
592 357 598 372 .
684 311 793 376 auen
811 311 857 375 ιι.

148 530 153 556 t
221 478 327 552 venio.
364 461 511 549 Valerius
537 473 647 546 Antias
676 488 710 546 et
736 478 778 566 Q.
806 474 937 546 rlubere
965 471 1012 544 bl.
1033 471 1191 543 Manlium
1223 485 1268 544 et
1302 475 1349 563 Q.

222 583 399 677 Sulpicium
420 582 569 654 consules
591 582 625 650 in
645 596 722 650 eum
743 605 863 650 annum
891 583 999 652 edum.
1035 591 1179 649 cetemm
1202 580 1243 646 in
1270 591 1348 648 tam

126 699 130 706 '
222 688 414 782 discrepanti
434 685 571 758 editione
598 697 633 755 et
652 687 782 756 Tubero
811 699 845 756 et
864 687 975 756 Macer
1000 685 1097 754 libros
1124 685 1251 754 linteos
1284 709 1345 753 an

223 803 328 862 etores
348 791 549 886 profitentur,
581 801 695 860 neuter
715 791 858 861 tribunos
885 791 1020 860 militum
1048 815 1088 860 eo
1111 813 1197 860 anno
1229 791 1344 858 finisse

187 897 371 968 smdmm
398 921 418 965 a
445 895 650 989 scriptoribus
677 898 813 991 antiquis
845 896 1030 966 dissimulat.
1070 895 1193 964 Licinio
1227 895 1340 964 libros

225 1001 306 1071 bunt
326 1001 420 1070 dubie
442 1001 534 1094 sequi
555 1001 670 1072 bunos
691 1003 799 1097 placet
820 1013 853 1073 et
865 1003 997 1072 'l'rrbero
1017 1001 1156 1070 incertus
1176 1000 1253 1070 veri
1274 1011 1338 1070 est.

227 1106 285 1176 sed
306 1104 388 1175 inter
409 1117 515 1176 cetera
537 1117 694 1177 vetustate
714 1108 900 1202 inconperta
920 1107 984 1176 boc
1005 1129 1137 1200 quoque
1157 1105 1191 1173 in
1204 1106 1336 1176 incerto

121 1237 139 1260 ··
223 1210 375 1303 positum.
412 1210 621 1304 'lbepidatum
648 1211 682 1280 in
708 1211 834 1282 Etnma
863 1223 913 1281 est
946 1221 1022 1304 post
1046 1211 1184 1281 Fidenas
1217 1216 1336 1304 captas

227 1339 294 1383 non
320 1315 508 1386 Veientibus
539 1315 646 1385 solum
679 1317 835 1386 exterritis
867 1329 958 1386 metu
990 1317 1101 1385 similis
1127 1316 1245 1386 excidii
1273 1316 1334 1383 sed

179 1435 214 1491 lo
226 1419 323 1489 etiam
335 1419 465 1489 Faliscis
486 1421 642 1490 memoria
663 1421 731 1490 initi
750 1423 854 1514 primo
869 1445 944 1490 cum
958 1420 1008 1490 bis
1024 1421 1110 1506 belli,
1131 1445 1335 1514 quamquam

225 1524 452 1596 rebellantibus
471 1547 540 1594 non
559 1526 737 1596 adicerent.
773 1527 867 1620 igitur
886 1550 963 1596 cum
983 1525 1066 1596 duae
1081 1526 1223 1596 civitates
1245 1525 1335 1618 lega-

228 1627 269 1697 tis
291 1627 375 1698 circs
396 1629 567 1725 duodecim
589 1631 728 1724 populos
755 1631 859 1701 missis
886 1632 1108 1726 impetrassent
1130 1641 1168 1699 ut
1188 1630 1230 1698 ad
1252 1627 1332 1698 Vol·

226 1741 357 1804 tumnae
383 1733 494 1803 lanum
520 1729 711 1806 indiceretur
737 1735 826 1806 omni
851 1735 995 1807 Etnniae
1023 1736 1207 1820 concilium,
1241 1735 1332 1806 velut

227 1833 343 1929 magno
364 1838 439 1924 inde
461 1839 600 1907 tumultu
620 1839 794 1912 inminente
821 1852 951 1912 senatus
971 1840 1071 1910 Mam.
1093 1840 1265 1910 Aemilium
1288 1840 1330 1907 di

179 1951 383 2016 luctatorem
401 1943 519 2012 iterum
546 1943 608 2013 dici
634 1945 735 2013 iussit
769 1944 814 2014 nb
841 1971 881 2016 eo
903 1945 943 2016 A.
964 1945 1147 2016 Postumius
1168 1945 1328 2014 Tubertus

226 2047 377 2141 magister
398 2049 544 2141 equitum
564 2060 616 2119 'est
637 2049 955 2144 &coniectumque
976 2061 1067 2120 tanto
1089 2051 1208 2119 maiore
1232 2068 1328 2142 quarn

134 2157 273 2228 ,2

292 2149 747 2245 neemenmpannmnnne}

288 2255 327 2328 P]
340 2257 369 2312 ia
377 2264 435 2314 'tam
444 2253 616 2336 discrepante
626 2258 747 2318 editione

289 2339 359 2413 (tt).

878 2171 906 2232 bl
923 2194 959 2234 m.
977 2175 1003 2234 2.
1020 2173 1058 2234 P:
1086 2167 1277 2254 incoeptasll
1294 2189 1330 2231 nt

877 2267 916 2321 ln
935 2273 1040 2342 conpta.
1053 2293 1087 2306 ·-
1103 2261 1146 2321 tt:
1163 2261 1216 2352 boc
1234 2262 1329 2340 quom!

859 2391 863 2402 ,
877 2351 981 2410 lacerto
998 2351 1127 2428 positum.

289 2428 404 2488 licinio
428 2430 522 2490 libros
543 2430 748 2504 hauddubie
817 2455 864 2514 10,
881 2455 948 2512 ,χαὶ
964 2456 1062 2532 primo
1084 2471 1151 2512 m
1171 2452 1221 2510 hie
1243 2453 1329 2512 belli.-

291 2518 380 2594 sequi
395 2519 505 2577 linteos
519 2517 619 2596 placet
639 2530 670 2579 et
690 2523 747 2581 Tu·

290 2603 361 2661 dero
379 2604 509 2663 incertus
530 2606 597 2666 ueri
619 2615 680 2666 est:
697 2607 748 2666 ΡΜ

290 2699 319 2746 et
345 2689 409 2770 rell„
430 2692 510 2775 codd.
527 2695 599 2765 (nisi
619 2693 694 2772 qnod
719 2693 748 2752 ll

291 2787 361 2845 „aut
373 2776 529 2854 dubiae'“)]
542 2777 650 2838 Llcinlo
662 2780 748 2839 libros

293 2862 366 2921 ba'ud
383 2865 466 2924 dubie
482 2869 561 2944 sequi
574 2865 673 2926 linteos
690 2869 748 2947 pla·

295 2957 351 3017 σείς
370 2948 478 3010 Tubero
490 2955 609 3012 incertus
617 2959 679 3014 ueri
690 2966 746 3014 est:

292 3052 327 3092 ex
345 3039 416 3096 ceni.
432 3037 538 3099 blaretl.
568 3039 643 3097 ldem
665 3045 749 3105 scribi

291 3117 379 3179 voluit
390 3125 454 3192 „eit
461 3126 538 3183 nster
546 3135 647 3184 cetera
654 3157 689 3170 -
695 3150 748 3207 po-

286 3209 424 3268 ·situm“.·
441 3227 556 3290 mque
572 3211 749 3276 bFnGrou.
813 3253 818 3266 ·

255 3283 261 3304 ’
294 3303 323 3355 et
337 3293 422 3358 Bell.
441 3303 531 3358 secuti
554 3311 627 3364 sunt.
654 3323 750 3364 verum

294 3383 376 3451 „sed
397 3387 476 3444 inter·
497 3397 597 3448 cetera
615 3421 649 3435 —·
669 3396 750 3470 posi·

296 3476 383 3528 tum“
400 3493 456 3530 non
474 3477 555 3535 modo
573 3481 603 3536 in
625 3481 750 3540 omnibns

192 3612 196 3620 Α
297 3554 377 3614 codd.
395 3559 530 3636 reperitur
544 3565 596 3623 sed
610 3570 693 3626 etiarn
705 3589 750 3628 ve·

295 3640 433 3700 rissimmn
449 3657 500 3709 est.
517 3672 579 3710 uam
591 3675 751 3735 quamquem

294 3729 425 3804 positum
447 3736 489 3792 eit
509 3749 583 3797 reete
608 3741 664 3799 dici
689 3753 751 3822 pot·

203 3897 204 3904 ἵ
296 3824 367 3887 erat,
393 3827 483 3878 temen
499 3827 581 3894 „sed
594 3849 616 3885 a
632 3851 679 3888 me
695 3831 753 3890 hoe

298 3921 418 3981 qunque
436 3912 567 3984 positum
597 3923 667 3976 eet“
695 3937 752 3977 non

297 3992 387 4051 minus
397 4005 470 4054 recte
479 4017 510 4055 ee
518 3999 606 4064 babet.
618 4002 683 4074 cll,
693 4005 752 4068 to:

256 4087 258 4092 ’
298 4076 348 4134 sed
364 4091 396 4138 nt
412 4101 461 4168 egp
480 4087 674 4148 arbitrorum
691 4111 751 4150 rer-

298 4179 359 4220 sare
376 4167 405 4223 iu
418 4188 511 4230 omnes
523 4178 665 4251 opiniones
680 4177 751 4240 licet.

879 2539 944 2616 ΡΜ]
959 2544 1019 2600 initi
1030 2544 1119 2622 primo
1132 2561 1193 2600 cum
1203 2542 1238 2599 iis
1246 2541 1320 2600 belli.

818 2653 862 2714 ll.
878 2653 989 2733 legatis
1005 2654 1087 2712 circo
1106 2653 1263 2712 duodecim
1278 2675 1329 2729 po-

876 2739 967 2816 pulos
984 2742 1102 2799 missia:
1118 2739 1177 2802 ΡΜ.
1194 2738 1237 2802 Cf.
1251 2744 1277 2809 1,
1289 2745 1330 2800 8.=

879 2836 907 2884 et
922 2828 961 2884 ita
978 2827 1104 2886 babuisse
1117 2827 1244 2886 Etruscos
1255 2827 1329 2906 quod

879 2933 914 2972 ex
931 2914 1074 2976 duodecim
1091 2915 1199 2996 populis
1212 2935 1327 2977 commn-

879 3001 951 3058 uiter
963 3012 1052 3060 creato
1065 3023 1126 3082 rege
1138 3013 1189 3066 cet.
1205 3007 1231 3073 5,
1243 3006 1267 3062 l.
1283 3005 1327 3062 3³.

881 3117 916 3132 -
933 3086 975 3146 bl:
994 3093 1069 3148 omni
1085 3093 1212 3150 eeruriae.
1228 3120 1263 3134 -
1284 3088 1327 3148 tl:

879 3176 995 3235 tumulti
1010 3184 1016 3248 Ι
1030 3179 1158 3240 minente.
1178 3200 1213 3240 m.
1228 3179 1268 3238 ΞΑ
1286 3187 1328 3236 tu·

879 3262 964 3322 multu
979 3266 985 3337 Ι
999 3266 1139 3328 imineute.

812 3373 865 3436 45.
881 3361 919 3435 Ᾱ.
927 3373 1100 3438 Postumius
1112 3377 1268 3437 Tubmos:
1279 3375 1328 3446 ed.

882 3461 964 3526 frob.
975 3495 1010 3508 -
1027 3465 1092 3525 Pbl=
1109 3464 1222 3525 aurelius
1237 3473 1326 3544 postu·

882 3553 953 3610 mins
970 3553 1074 3614 tubero.

821 3661 866 3722 16.
885 3681 975 3741 quum
988 3666 1129 3741 proximo
1140 3669 1260 3721 leonatus.⁸
1277 3661 1324 3721 ΡΜ

883 3759 911 3806 ct
926 3749 984 3812 rell.
1002 3753 1097 3826 codd]
1115 3754 1324 3832 quamproxime

882 3847 979 3896 conatu
996 3837 1032 3908 (l.
1050 3839 1073 3898 f
1073 3861 1095 3900 r.
1107 3839 1213 3909 (leon).
1228 3837 1269 3899 Cs.
1280 3841 1322 3907 35,

882 3927 939 3984 dt:
961 3925 1067 3986 'liberis
1089 3929 1225 3988 infestiore
1249 3945 1323 4004 quem

883 4012 974 4088 priore
1008 4015 1109 4094 impetu
1148 4014 1234 4073 illatus
1265 4013 1323 4071 urbi

881 4097 1109 4179 (Gronprs'ue).
1142 4103 1243 4172 1,m.:
1262 4119 1323 4176 pro·

881 4187 1081 4250 ximo—metu.
1100 4189 1133 4247 al.
