2836 4720
572 315 680 445 blatta
697 315 742 379 lll.
968 360 971 368 ,
1142 308 1207 377 227
1237 343 1241 350 ·

104 497 173 570 ota,
205 483 323 575 nequi
344 483 377 549 in
399 484 470 550 loca
496 503 623 552 summa
647 479 733 548 urbis
763 481 902 572 impetus
930 483 1108 588 caedesque
1134 486 1208 555 inde

9 601 12 609 '
101 591 231 658 fierentr
267 588 350 654 inter
378 599 483 656 cetera
511 586 668 654 monitum
694 597 732 653 ut
757 573 963 654 seditionibus
989 589 1206 658 abstineretur.

101 697 137 762 id
157 695 278 763 lactum
304 693 346 759 ad
371 688 592 782 inpediendam
618 691 725 781 legent
752 690 868 758 tribuni
891 691 1171 761 criminabantur'
1162 720 1206 762 ιιι-

43 837 46 847 ·
98 823 245 890 gcnsque
261 798 371 865 aderat
385 807 554 864 certarnen.
577 819 654 864 ecce
668 807 705 862 ut
717 795 803 864 idern
820 795 853 862 in
869 797 1010 887 singulos
1033 822 1133 865 annos
1157 823 1205 867 or-

7 975 9 998 ,
97 904 150 971 bis
172 904 362 985 volveretur,
383 899 511 970 Hernici
532 902 678 970 nuntiant
688 899 828 969 Volscos
851 911 884 968 et
897 899 1030 993 Aequos
1053 902 1112 970 etsi
1135 903 1203 970 aba·
1221 917 1239 972 5

7 1009 9 1042 ³
36 991 38 1002 Ι
96 1007 185 1074 cisae
204 1031 256 1074 res
274 1006 338 1074 sint
356 1005 486 1074 reficere
509 1005 682 1075 exercitus:
705 1004 789 1073 Antii
812 1029 972 1074 summam
993 1006 1040 1074 rei
1054 1006 1204 1096 positam,

95 1111 234 1178 Ecetrae
260 1109 404 1192 Antiates
432 1112 565 1180 colonos
593 1110 700 1204 palam
717 1109 859 1178 ‘concilia
885 1110 1011 1196 faeere,
1042 1111 1074 1178 id
1108 1123 1204 1202 caput

42 1277 45 1286 .
94 1239 156 1284 eas
177 1217 260 1284 vires
283 1215 358 1282 belli
381 1239 462 1285 esse.
500 1229 537 1286 ut
558 1217 639 1284 haec
662 1215 745 1284 dicta
766 1215 800 1282 in
821 1227 935 1283 senatu
957 1227 1046 1301 sunt,
1069 1215 1202 1284 dilectus

93 1321 240 1388 edicitur.
278 1321 526 1410 consulesbelli
546 1320 851 1389 administrationem
878 1321 961 1388 inter
987 1345 1023 1389 se
1046 1318 1202 1412 dispertiri

92 1424 186 1508 iussi,
213 1425 303 1492 alteri
324 1437 361 1493 ut
382 1427 493 1496 Volsci
520 1426 610 1494 alteri
636 1437 673 1492 ut
694 1425 798 1516 Aequi
825 1425 988 1518 provincia
1016 1437 1112 1493 esset.
1151 1424 1202 1493 tri·
1217 1437 1251 1495 10
1280 1420 1294 1445 '‘

92 1529 175 1594 huni
202 1552 312 1601 coram
338 1531 372 1596 in
398 1531 470 1599 foro
498 1555 671 1623 personare
697 1530 840 1596 fabulam
868 1531 1068 1620 conpositam
1089 1530 1202 1599 Vulsci

91 1633 186 1717 belli,
209 1635 369 1702 Hernicos
391 1637 432 1702 ad
460 1647 566 1727 partes
594 1644 737 1726 paratos:
770 1634 834 1700 iam
861 1657 903 1700 ne
925 1635 1041 1704 uirtute
1070 1635 1201 1725 qrridem

33 1815 37 1818 ,
90 1738 199 1829 premi
220 1738 400 1806 libertatern
421 1740 533 1831 populi
554 1736 691 1808 Romani
712 1739 770 1806 sed
792 1748 859 1806 arte
886 1727 989 1806 eludi.
1020 1737 1096 1828 quia
1119 1738 1200 1805 occi-

91 1842 191 1909 dione
214 1867 315 1934 prope
338 1843 463 1910 occisos
488 1833 680 1912 Volscos'et
696 1839 828 1933 Aequos
849 1866 981 1911 movere
1004 1865 1061 1910 sua
1084 1853 1199 1933 sponte

89 1969 182 2012 arma
204 1971 301 2036 posse
329 1946 394 2015 iam
421 1949 501 2016 fides
527 1939 653 2031 abierit,
679 1970 783 2015 novos
811 1945 921 2015 hostes
949 1946 1074 2038 quaeri:
1114 1946 1245 2015 colo-15

82 2050 178 2117 'ariam
200 2050 297 2118 fidam
317 2053 531 2174 propinquam
551 2053 704 2122 infamem
725 2051 808 2119 fieri.
830 2047 983 2122 bellum'
973 2049 1112 2118 mnoxiis
1135 2050 1197 2118 An·

79 2149 218 2221 ”uatibus
240 2156 343 2240 indici,
365 2159 431 2249 geri
453 2183 528 2227 cum
549 2159 645 2250 plebe
667 2157 827 2225 Romana:
850 2179 949 2248 quam
972 2132 1139 2223 oneratarii
1151 2178 1197 2221 ar-

87 2259 151 2325 mis
174 2283 215 2326 ex
235 2260 315 2329 urbe
339 2261 503 2354 praecipiti
525 2263 649 2354 agmine
672 2261 772 2330 acturi
795 2273 917 2346 essent,
889 2261 1041 2330 texilio
1065 2271 1098 2327 et
1118 2260 1197 2327 rele-

87 2362 217 2453 gatione
245 2363 362 2432 civium
388 2361 577 2436 ulciscentes
604 2367 759 2435 tribunos.
796 2367 908 2435 sic-
935 2390 977 2434 ne
1006 2364 1083 2485 quid
1112 2362 1197 2431 aliud

89 2477 200 2533 actum
222 2491 266 2557 pu
267 2479 401 2534 tent-
422 2470 540 2537 victam
567 2471 672 2562 legem
698 2493 787 2554 esse,
820 2468 881 2537 nisi
908 2469 1022 2536 ι1ιιιιι
1013 2493 1047 2536 ιιι
1073 2467 1245 2560 integrato

153 2726 187 2738 —
200 2693 270 2754 Pm.
284 2699 324 2754 l.:
343 2695 494 2774 predictam
506 2716 540 2754 ne
554 2702 608 2776 qui.
743 2731 777 2740 -
792 2697 913 2756 Pm.1.:
931 2697 962 2753 id
974 2697 1073 2774 capud.
1086 2727 1120 2740 -·
1132 2693 1195 2752 Plllr

152 2814 186 2826 -
204 2783 241 2840 P:
260 2783 402 2862 cedesque.
743 2804 797 2841 eos
816 2785 896 2841 uires
914 2784 1078 2841 talliasse.

104 2873 131 2930 b.
151 2873 210 2928 etri
230 2873 367 2946 decisae
394 2891 443 2930 res
470 2874 545 2931 sint:
571 2871 607 2934 tl.
695 2873 721 2930 8.
740 2871 866 2930 dilectus
885 2870 1026 2930 edatur.-
1044 2866 1076 2931 P.
1093 2899 1128 2910 -
1154 2867 1194 2924 dl:

22 2981 31 2996 ι
152 2957 211 3017 cod.
233 2959 321 3018 Rben.
348 2957 423 3019 Harl.
435 2977 452 3019 1.
477 2957 554 3019 beid.
567 2964 605 3034 r.]
740 2958 853 3016 dilectus
871 2961 936 3026 est!
954 2957 1061 3015 dicitur.

127 3108 129 3112 ¹
149 3047 201 3102 etsi
214 3050 318 3104 accisae
328 3067 370 3104 res
380 3049 443 3109 sint.
456 3077 491 3090 —
504 3048 604 3122 Quam·
694 3049 720 3104 9.
740 3046 906 3121 dispertiri:
922 3045 969 3118 lli]
989 3043 1136 3122 dispartiri.
1160 3074 1193 3084 -—

137 3150 228 3209 ‚quam
247 3138 376 3213 arisae,
405 3135 480 3212 quod
497 3134 603 3192 Rhena-
702 3137 704 3146 ’
736 3131 772 3189 Ρι
792 3132 908 3210 disptiri.
927 3133 1041 3201 aanor
1055 3131 1194 3207 inpertire.
1261 3164 1264 3172 ·

144 3215 203 3276 'nus
220 3223 303 3277 scribi
320 3221 420 3290 voluit,
441 3232 469 3278 et
486 3222 546 3279 aliis
562 3223 603 3282 lo·
677 3223 719 3278 11.
738 3219 858 3278 Vulsci:
874 3219 944 3293 ΡΜ]
964 3217 1066 3276 Volsci.

78 3307 84 3364 1
150 3307 302 3376 cis(cl.8‚
322 3311 382 3378 11.)
408 3309 479 3385 apud
496 3308 604 3366 Livium
676 3310 719 3365 13.
738 3307 794 3363 sed
815 3317 881 3364 orte
903 3307 1002 3364 eludi.-
1024 3301 1097 3361 Harl.
1115 3321 1132 3360 r.
1159 3331 1194 3372 ·.·

149 3389 270 3464 legimus,
283 3403 371 3450 tamen
383 3396 518 3451 abscisae
531 3397 604 3473 quod
737 3391 798 3448 I'lll:
820 3392 972 3452 libertatem
994 3399 1036 3468 pi.
1060 3389 1109 3445 sed
1136 3397 1194 3445 arte

147 3479 181 3533 in
200 3490 255 3557 opt.
280 3481 431 3558 quibusque
452 3481 530 3540 libris
554 3491 603 3551 est,
737 3478 803 3536 ludi.
821 3513 853 3523 -
872 3480 907 3536 P:
927 3477 1117 3557 quioccidioue
1129 3496 1192 3554 pro·

149 3575 253 3624 mutare
271 3567 364 3628 nolim.
388 3570 523 3626 abscisae
532 3573 604 3628 enirn
738 3587 773 3642 pe
792 3567 925 3650 occissus.
945 3565 979 3624 el.
998 3567 1024 3633 1,
1043 3568 1086 3623 53·

148 3675 196 3712 res
215 3666 279 3712 suut
292 3657 464 3714 debilitatae
478 3656 520 3714 vel
531 3657 603 3729 fra·
676 3655 718 3714 15,
738 3655 797 3708 iam
817 3654 904 3728 fides
928 3655 1048 3710 odieiit:
1073 3651 1129 3711 ΡΜ.
1145 3663 1192 3696 ¹-

148 3751 222 3802 ctae.
236 3775 268 3785 —
290 3744 324 3800 P:
337 3746 519 3801 abscisseres
534 3746 602 3802 sint.
736 3741 770 3796 P:
789 3742 876 3818 queri.
896 3769 928 3781 -—
947 3739 986 3796 lt:
1008 3741 1126 3798 innoxiis
1146 3759 1192 3794 an-

147 3847 182 3886 m.
200 3831 239 3888 2:
259 3831 505 3898 abscesserinucf.
516 3829 601 3906 Quin·
737 3827 904 3884 nuntiatibw

147 3913 187 3972 rit.
206 3919 270 3984 aa
289 3922 332 3978 sa
352 3923 416 3988 aa
440 3923 500 3978 ιιι
674 3919 717 3974 ao
737 3917 844 3971 aarum
866 3915 961 3993 legem
985 3911 1128 3972 aarum
1158 3942 1192 3961 .-

104 4004 128 4058 5.
149 4017 294 4059 summum
311 4009 369 4062 reia
397 4005 453 4064 ΡΜ.
472 4009 512 4061 rei
530 4025 602 4062 sum·
734 4001 771 4058 P.
791 4011 884 4059 essent
901 4003 962 4060 nisi.
1172 4027 1176 4034 ·

145 4063 229 4146 main:
249 4089 350 4150 llarl.r
369 4121 404 4136 υ·
421 4091 461 4147 tl:
480 4101 603 4148 eceterae
683 4123 716 4133 -
737 4091 839 4146 dum‘
827 4111 856 4145 ιιι
875 4089 993 4170 integro
1009 4107 1058 4145 res
1082 4088 1136 4143 sit:
1162 4084 1192 4140 P.

142 4180 264 4237 antistes.
295 4178 329 4234 P.
353 4190 454 4234 ecetras
479 4181 599 4272 antistes.
737 4209 770 4222 ν-
741 4173 828 4233 ill:
854 4175 917 4232 dum
944 4176 1049 4249 integro
1074 4193 1117 4228 res
1139 4172 1190 4228 siti
1294 4209 1298 4220 .

925 4262 991 4357 rs
