2836 4720
133 322 145 332 .
202 227 266 296 ιιι
335 195 341 242 “·
664 233 773 297 rura
788 235 836 296 ιι

202 425 297 470 suum
319 401 473 470 maiorem
494 409 571 468 natu
592 401 730 468 necdum
752 423 794 468 cx
809 398 924 468 morbo
939 397 1015 466 satis
1031 394 1173 465 validum
1194 419 1305 489 pugno

201 506 302 574 ictum
323 505 364 574 ab
386 505 533 574 Caesone
555 503 721 590 cecidisse,
757 503 977 572 semianimem
1003 503 1085 571 inter
1111 503 1307 570 manus·do
1404 534 1405 538 ¹

203 634 294 677 mum
321 609 477 692 ablatum,
512 619 740 702 mortuumque
766 609 840 677 inda
868 607 1023 678 arbitrari:
1059 629 1121 675 nec
1146 605 1208 674 sibi
1235 629 1308 673 rem
1402 689 1407 702 .

204 714 321 804 exequi
341 726 409 782 tam
431 725 573 782 atrocem
601 737 659 804 per
685 713 834 782 consules
862 716 1062 832 superiorum
1090 733 1250 778 annorum
1271 711 1307 776 li

87 845 91 850 ·
174 820 318 892 5cuisse
341 819 424 886 haee
437 818 570 888 Volscio
593 818 774 886 clamitante
797 820 877 888 adeo
899 816 1049 887 concitati
1069 815 1218 884 homines
1232 825 1309 881 sunt

201 932 239 990 ιιι
260 919 339 994 haut
360 923 498 990 multum
519 924 632 992 afuerit
654 923 731 1014 quin
752 924 875 1015 impetu
895 922 1008 1014 populi
1029 919 1132 988 Caeso
1153 919 1308 986 interiret.

203 1130 235 1198 vi
257 1141 367 1198 contra
389 1132 455 1198 vim
476 1133 635 1202 resistunt.
663 1133 705 1201 Τ.
728 1132 897 1220 Quinctius
916 1131 1065 1215 ciarnitat,
1090 1129 1143 1198 cui
1164 1121 1309 1220 capitalis

162 1289 167 1298 ,
204 1235 271 1300 dies
294 1235 377 1302 dicta
400 1236 495 1304 siret
517 1238 558 1306 dc
580 1261 646 1330 quo
669 1239 811 1306 fortunam
824 1261 927 1330 propo
950 1237 1035 1306 diem
1047 1234 1209 1317 iudicimn,
1231 1247 1310 1300 oum

156 1356 191 1414 10
202 1336 421 1406 indemnatum
441 1340 559 1410 indicta
580 1367 676 1411 causa
698 1367 764 1412 non
786 1344 903 1412 debere
915 1339 1046 1410 ‘violari
1073 1340 1218 1407 tribunus
1233 1337 1310 1428 srip-
1408 1391 1409 1408 .

203 1441 335 1533 plicium
357 1455 453 1540 negat
474 1459 678 1538 sumpturum
700 1471 736 1516 se
759 1449 800 1516 de
820 1449 1020 1516 indemnato:
1042 1455 1243 1512 servaturum
1255 1453 1310 1510 ta-
1372 1482 1375 1486 -

203 1571 280 1615 men
300 1548 334 1614 in
355 1549 489 1619 vinculis
512 1575 583 1622 csse
607 1553 648 1622 ad
668 1553 777 1622 indicii
804 1551 903 1636 diem,
928 1550 1044 1642 utqui
1068 1548 1235 1618 hominem
1254 1571 1313 1615 ne-
1408 1591 1409 1618 t

204 1652 330 1735 caverit,
353 1654 392 1721 de
416 1677 456 1723 eo
478 1657 624 1748 supplicii
645 1657 791 1726 sumendi
814 1657 906 1749 copia
927 1656 1049 1749 populo
1071 1655 1218 1722 Romano
1240 1652 1310 1720 fiat.

205 1758 357 1848 appellati
378 1758 495 1826 tribuni
516 1761 776 1832 mcdiodecrcto
797 1761 847 1830 ius
869 1761 976 1830 auxilii
998 1759 1047 1830 sui
1065 1758 1254 1850 expediunt:
1276 1758 1312 1824 in

158 1877 193 1933 15
204 1863 309 1930 vitrola
332 1863 580 1948 coniunctam,
607 1865 676 1934 sisti
696 1891 789 1936 reum
809 1867 1057 1959 pecuniamque,
1084 1863 1144 1932 nisi
1171 1864 1311 1946 sistamr,

204 1965 327 2056 populo
361 1968 503 2058 promitti
539 1969 666 2060 placere
702 1973 917 2063 pronuntiant.
959 1993 1119 2038 summam
1153 1967 1310 2060 pecuniae

225 2247 249 2303 1.
265 2264 367 2324 pugno
382 2247 470 2304 ἰειιιιιι
482 2248 521 2303 ab
530 2247 664 2307 Caesone
676 2249 722 2321 (Ρι
855 2251 1019 2330 opinaretur,
1040 2251 1199 2306 factumest
1215 2257 1247 2304 ut
1263 2246 1309 2304 alii

17 2410 19 2414 ⁷
268 2337 392 2402 aesone)
415 2333 573 2392 cecidisse.-
599 2334 657 2397 ΡΜ.
687 2368 722 2380 -
854 2337 885 2396 id
903 2337 976 2416 quod
998 2335 1078 2412 vulgo
1099 2336 1238 2394 dicebatur
1256 2333 1308 2405 (cs.

131 2449 137 2482 ι
266 2417 329 2476 ΡΜι
361 2421 480 2478 domum
512 2423 652 2483 ablatum.
687 2455 723 2466 —
855 2427 900 2496 25,
918 2427 959 2496 t.)
978 2425 1229 2499 cuircicopitulia
1242 2423 1307 2480 dies

268 2504 344 2566 Pm.
363 2510 401 2567 1.:
419 2511 589 2588 superiorum
599 2531 723 2573 anorum.
853 2512 924 2584 (Ρ),
950 2511 996 2570 alii
1017 2514 1067 2570 cui
1090 2531 1142 2568 reo
1170 2512 1308 2586 cupr‘talis

224 2596 250 2652 6.
269 2593 400 2666 afuerit.-
419 2596 449 2656 Ρ.
477 2627 512 2639 -
541 2596 583 2656 Μι
606 2607 637 2656 ut
658 2597 724 2656 haut
816 2641 821 2650 -
857 2597 1308 2676 diesdictusitfflariuhesti-
1407 2600 1408 2621 ¹

268 2681 382 2740 multum
399 2684 488 2744 fuerit.
513 2717 547 2728 -
574 2683 637 2744 ΡΜι
662 2705 724 2744 uor-
856 2687 1308 2763 tuendumesoepuurentrquam-
1407 2681 1408 2706 ³

269 2771 366 2872 gipius.
856 2793 1076 2852 quamcumnon
1085 2774 1187 2830 tribuni
1196 2772 1308 2832 alicuius

211 2855 251 2912 ·.8
270 2857 303 2910 ui
323 2865 428 2913 contra
451 2859 526 2916 uim.-
549 2857 572 2916 P
592 2857 666 2919 Harl
684 2861 722 2934 r.]
854 2862 1005 2918 exacerbati
1027 2862 1111 2919 verba
1135 2860 1307 2931 referrentur,

269 2951 364 2998 contra
382 2943 529 3002 vi.-tt1=
548 2946 593 3002 uis
611 2951 721 3029 eontra!
854 2966 890 3002 ne
907 2967 958 3005 reo
971 2947 1080 3024 quidem
1091 2949 1170 3008 huius
1183 2950 1237 3006 loci
1249 2969 1308 3006 csse

269 3028 333 3086 uim.
355 3028 388 3085 cf.
402 3031 499 3097 258:
517 3049 628 3088 numero
642 3035 723 3092 otiam
801 3032 933 3092 facile
949 3035 1037 3095 videri
1054 3046 1168 3113 poterat.
1269 3027 1279 3050 ‘

268 3112 386 3174 additos.
404 3117 483 3184 3,3.·
502 3115 669 3194 tumultuque
680 3140 722 3176 se
794 3079 839 3181 ii.
855 3131 1058 3180 seruaturum:
1075 3122 1133 3184 ΡΜ.
1151 3133 1307 3182 seruatum:
1406 3145 1407 3186 ζ

267 3201 363 3258 datos:
381 3201 416 3262 Μ.
434 3233 469 3248 -··
487 3202 529 3262 Μ.
547 3214 568 3264 ι.
587 3207 727 3284 quinctius
853 3207 1000 3270 ΜιιιΙ.ι.-
1013 3210 1074 3268 ΡΜ.
1093 3211 1184 3269 medio
1199 3213 1307 3270 decreto

140 3287 144 3312 '
268 3288 406 3350 clamittat.
853 3297 897 3354 ius
914 3297 1007 3358 auxilii
1024 3301 1068 3356 sui
1085 3300 1240 3377 expediunt.

216 3404 251 3418 -
268 3380 471 3454 cuicapitalis
490 3379 721 3439 duodiconis:
794 3384 837 3444 14.
855 3385 999 3444 incincta
1007 3389 1102 3444 conici
1114 3397 1229 3446 uetant.-
1241 3385 1308 3458 ΡΜ]
1406 3423 1407 3436 ι

267 3463 316 3535 Μ]
342 3468 386 3522 cui
404 3469 444 3524 rei
463 3465 585 3544 capitalis
608 3477 669 3528 cet·
687 3499 722 3510 -
853 3472 884 3528 in
901 3474 1007 3531 vincula
1032 3476 1129 3532 coniici
1149 3481 1246 3530 vetant.
1271 3504 1307 3515 -

272 3552 418 3624 Capitalis
445 3555 510 3612 dies
532 3573 617 3632 oeque
638 3554 722 3614 latina
855 3557 899 3618 cf.
917 3582 958 3620 ex.
976 3581 1015 3636 gr.
1033 3565 1077 3627 30,
1090 3562 1147 3618 tn:
1166 3566 1246 3625 „tum
1265 3578 1308 3614 ca·
1406 3555 1407 3562 ’

267 3637 352 3692 scribi
369 3647 474 3712 potarat
491 3650 571 3717 atque
584 3645 722 3718 capitalis
853 3649 933 3726 ptiin
944 3649 1183 3705 uincliscssent“:
1193 3643 1308 3722 etpaulo
1406 3659 1407 3664 ’

269 3741 352 3778 noxa
370 3727 411 3793 (3,
425 3729 483 3796 55.)
495 3727 539 3786 vel
550 3729 650 3787 similia
661 3733 722 3801 (26,
853 3744 918 3811 post
936 3736 989 3802 „in
1005 3733 1110 3790 uinclis
1124 3731 1255 3793 habeat“.

270 3810 477 3884 40.:cupitulr'a
486 3819 555 3872 ausi
559 3818 722 3893 plerique).
793 3823 836 3880 17.
856 3828 997 3899 quantam
1018 3839 1122 3878 aecum
1144 3830 1224 3878 esset
1239 3823 1306 3897 pro-

270 3896 319 3952 sed
346 3903 406 3954 dum
431 3898 484 3956 hoc
506 3901 587 3958 breve
614 3905 722 3985 dicendi
854 3907 943 3966 mitti:
962 3905 989 3964 Μ
1006 3927 1042 3968 ιιι.
1055 3910 1099 3981 1.]
1119 3917 1306 3984 quantummo-

269 4004 361 4058 genus,
383 3989 506 4062 quamvis
524 3992 623 4054 tatoni
640 3992 721 4050 huius
854 4014 936 4073 quum
948 3995 1084 4055 eeu-tt
1097 4017 1135 4056 m.
1146 3999 1171 4057 ι.
1185 3995 1207 4052 Ρ
1219 4015 1254 4054 m.
1269 3997 1304 4053 t:

261 4069 322 4134 ,loci
341 4074 523 4150 aptissimum,
547 4097 642 4155 parum
660 4101 720 4156 per·
852 4092 955 4160 quanta
973 4103 1065 4146 ascum
1082 4093 1162 4144 esset.
1183 4082 1250 4143 Pm.
1262 4085 1303 4141 ΡΑ
