2812 4724
532 351 706 416 ιιιιιιι.
755 322 784 350 ‘'
885 409 887 414 ,
1111 343 1176 412 ιιι

34 516 159 585 saevi
189 517 330 610 exempli
353 517 436 590 iuret
458 527 670 611 occupaturus
691 503 847 610 insignem
868 517 996 588 titulum
1012 519 1192 594 uadatu-

40 623 101 702 tis
146 623 256 693 fuerit.
295 624 472 746 lmperipso
508 647 639 716 quoque
672 619 792 691 Manlio
825 647 1004 717 cognomen
1034 625 1177 712 inditum,

40 717 267 798 Postumius
279 729 367 797 nulla
387 717 468 798 tristi
489 739 567 798 nutu
595 739 645 803 est
672 728 849 820 insignitus.
885 728 923 798 0.
944 729 1042 800 latios
1063 733 1175 802 consul

43 835 188 903 aedem
204 832 360 927 Apollinis
382 835 514 904 absente
535 833 707 928 collega
681 853 750 902 sinc
771 845 859 904 sorte
881 834 1045 904 dedicavit.
1083 858 1177 930 aegre

41 939 92 1010 id
117 961 241 1032 passus
263 939 429 1026 Quinctius
458 959 533 1008 curn
556 938 685 1010 dmuso
713 939 857 1010 exercitu
882 940 916 1008 in
943 940 1056 1010 ιιιΙιειιι
1080 940 1206 1010 rediet

47 1054 131 1126 set,
168 1043 367 1136 nequiquam
388 1044 422 1112 in
449 1025 563 1114 senatu
589 1056 641 1115 est
668 1055 873 1136 conquestus.
910 1044 1028 1136 Insigni
1054 1045 1175 1136 magnis

47 1149 166 1218 rebus
196 1171 281 1218 anno
303 1149 428 1218 additur
455 1149 533 1218 nihil
559 1161 644 1219 tum
658 1150 790 1217 adrem
810 1149 991 1218 Romanius
1015 1149 1174 1242 pertinere

53 1253 195 1338 vistim,
221 1237 310 1345 quod
330 1254 606 1352 Carthaginienses
626 1291 671 1306 --
689 1255 771 1323 tanti
793 1254 903 1326 hostes
921 1255 1086 1324 mmai-
1106 1265 1177 1328 ium

53 1359 211 1454 primum
239 1383 297 1452 per
321 1358 493 1428 seditiones
520 1359 702 1430 Sicrdorurn
721 1358 771 1426 ad
797 1361 897 1452 partis
928 1359 1057 1430 dunas
1088 1360 1176 1428 auxi

53 1463 181 1532 lium
170 1488 205 1531 ιιι
226 1465 366 1536 Siciliam
386 1465 564 1552 egrescitum
584 1465 749 1533 traiecere.
1188 1472 1224 1530 1⁰
1334 1510 1337 1536 t

44 1638 48 1646 ,
157 1568 277 1638 XXX.
309 1569 472 1662 Agitatnm
492 1570 525 1638 iu
550 1568 631 1636 tute
660 1566 700 1635 ab
721 1565 855 1635 mlunis
877 1567 980 1660 plebis
1001 1581 1039 1638 ut
1058 1569 1176 1638 tribuni

36 1673 210 1772 ‘militum
232 1674 390 1772 consulari
410 1683 570 1765 potestate
592 1681 788 1756 crearentur,
815 1695 876 1740 nec
905 1671 1041 1764 optineri
1060 1673 1175 1767 potnit.

63 1779 222 1848 eonmdes
244 1778 325 1846 liunt
344 1777 383 1846 L.
407 1777 550 1870 Papirius
571 1775 706 1844 Crassus
726 1775 764 1844 L.
786 1775 894 1844 lrrlhss.
931 1776 1119 1868 Aequorum
1130 1777 1176 1844 le

65 1885 135 1976 goti
157 1884 274 1957 foedus
296 1883 335 1952 ab
358 1894 471 1953 senatu
492 1905 568 1951 curn
588 1881 744 1974 petissent
764 1891 799 1950 et
820 1904 880 1971 pro
906 1879 1036 1950 loedere
1057 1881 1176 1951 deditio
1230 1885 1236 1904 ³

67 2001 294 2074 ostentaretur,
316 1988 452 2057 indutias
475 2005 632 2062 annomm
653 1997 728 2056 octo
743 1986 1004 2077 impetraverunt.
1042 1987 1175 2061 Volscu
1189 1994 1223 2052 1⁵

66 2117 143 2162 rum
164 2119 218 2164 res
239 2119 337 2190 super
364 2105 530 2196 acceptam
558 2093 592 2162 in
612 2091 728 2185 Algido
755 2090 881 2161 cladem
900 2091 1053 2182 pertinaci
1070 2085 1175 2162 'certa-

132 2327 195 2364 eum
217 2308 350 2383 insignem
372 2305 588 2364 crudelitatisti·

45 2393 48 2408 '
137 2393 224 2451 tulum
242 2403 420 2474 occupaturus
443 2393 525 2478 fuerit
542 2396 589 2472 qni

137 2482 215 2559 prior
230 2486 346 2537 anctor“
365 2489 416 2540 cet.

90 2569 118 2628 9.
134 2568 298 2645 Imperioso
327 2585 446 2647 quoque
475 2565 589 2626 Manlio

135 2673 297 2736 cognomen
305 2653 446 2711 inditum.-
458 2651 516 2714 ΡΜ.
533 2652 590 2711 Sed

134 2743 166 2810 7,
188 2743 230 2800 3.:
260 2739 319 2809 „L
344 2741 477 2799 Manlius
494 2741 590 2816 Impe-

135 2830 268 2888 riosus“.
294 2826 327 2887 Τ.
344 2826 458 2885 llanlius
475 2825 591 2888 Lucil'.

33 2907 38 2917 “
139 2913 232 2968 consul
256 2913 343 2972 lilium
368 2917 458 2974 securi
485 2917 592 2994 percuti

137 2998 227 3058 iussits
247 3002 319 3071 e,'7.

97 3085 123 3144 8.
140 3084 170 3143 0.
187 3085 285 3144 Iulius
302 3090 425 3148 consul:
442 3089 500 3167 Sig.
517 3089 591 3160 ets,
651 3083 652 3094 ¹

139 3171 181 3230 96.
204 3200 238 3211 -
266 3172 317 3232 ΡΜ
333 3169 408 3236 llari.
426 3195 459 3236 t:
485 3198 530 3238 cn.
548 3178 590 3235 iu·

139 3258 206 3314 lius.
223 3287 258 3300 -
275 3256 311 3314 P:
330 3269 403 3321 cons.
420 3263 462 3320 ll:
482 3269 537 3324 cde.
554 3293 591 3312 -·

140 3340 214 3403 Laid.
231 3361 250 3402 1.
268 3342 316 3404 al:
334 3365 377 3406 cn.
391 3367 419 3410 a.
437 3347 527 3409 iulius.

99 3431 125 3492 5.
142 3429 309 3506 Quinctius:
326 3430 391 3506 ΡΜ]
411 3433 549 3508 Quintius.

93 3547 125 3560 -
141 3536 203 3574 eum
214 3517 338 3577 dimisso
356 3523 531 3581 exercituin
544 3517 592 3583 ui·-

139 3604 200 3664 dem
215 3607 360 3667 redisset.
376 3608 455 3668 P.-
470 3609 512 3670 Μι
530 3631 592 3672 cum

142 3691 249 3751 diarium
268 3715 332 3753 exer
345 3699 352 3769 Ι
368 3697 423 3754 citu
436 3696 531 3756 urbem
548 3719 590 3757 re·

143 3776 278 3840 diuet.-
291 3781 355 3841 ΡΜ.
347 3787 544 3864 .nequiquam.
554 3817 590 3833 -

89 3873 92 3890 ⁴
142 3861 209 3925 Μι·
201 3886 231 3924 ιιι
247 3877 343 3928 senatu
359 3880 401 3927 est
421 3875 558 3950 questus
549 3893 591 3931 ιιι·

142 3954 213 4030 signe
229 3958 332 4032 magnis
349 3957 430 4016 rebus
453 3980 532 4020 anuo.
554 3991 590 4004 -

112 4039 114 4048 ’
142 4037 270 4102 Pm.1.=
292 4061 386 4114 „anno
405 4045 590 4105 datuurus·
581 4069 590 4106 s

142 4127 185 4188 se'd
201 4129 226 4189 d
241 4149 346 4190 erasum
363 4141 414 4192 est.

107 4217 129 4273 Β.
143 4224 198 4276 tuus
211 4219 340 4294 primum
353 4239 410 4295 pes·
427 4217 591 4281 seditiones

722 2303 910 2384 singulorum
927 2301 972 2360 ad
983 2302 1083 2381 parts&
1103 2303 1176 2362 ulte·

718 2393 783 2446 rius
807 2391 971 2448 auxiliumr
993 2387 1044 2449 ΡΜ
1066 2387 1141 2452 llerl.
1157 2411 1175 2452 ι.

721 2475 799 2536 Laid.
817 2493 836 2538 ι.
858 2475 892 2537 sl.
927 2475 1017 2534 Facile
1038 2475 1099 2536 lieri
1115 2487 1174 2556 pot·
1201 2479 1203 2483 ’
1312 2535 1318 2552 ,

722 2572 789 2632 erat,
806 2581 868 2622 eum
885 2581 902 2618 c
919 2571 946 2620 et
961 2582 985 2643 g
1000 2583 1131 2642 persaepe
1147 2567 1177 2622 iu

721 2651 810 2710 vinem
831 2658 1062 2728 permitterentur,
1087 2661 1118 2709 ut
1137 2653 1176 2709 si-
1273 2650 1281 2663 ⁸

663 2782 667 2790 ,
721 2735 1011 2794 culorumhaberetur
1027 2757 1077 2816 pro
1095 2739 1176 2819 sigu-

670 2843 675 2854 ⁴
721 2823 828 2883 iorum.
855 2822 937 2881 simili
954 2821 1053 2881 mendo
1071 2825 1115 2896 96,
1133 2827 1176 2885 97.

722 2913 854 3003 seriptutp
876 2919 919 2968 est
940 2912 1104 2990 siculisque
1125 2932 1175 2992 pro

723 2978 959 3076 secutispue.-
985 2998 1065 3061 Pm
1087 3003 1113 3063 9.
1134 2999 1174 3060 ll:

723 3087 908 3146 incivilium.
929 3083 1006 3146 Pru.
1024 3089 1063 3146 1..
1086 3087 1195 3146 inse-¹

723 3163 883 3233 ailiana-
907 3169 984 3233 Harl.
1006 3192 1026 3235 1.
1051 3173 1128 3235 Laid
1145 3195 1176 3237 1..
1242 3219 1243 3222 ,

720 3261 751 3317 in
767 3258 863 3321 sicilia.

661 3346 705 3407 19.
722 3367 777 3404 uec
798 3345 927 3422 optirseri
946 3347 1058 3422 potuit:
1083 3346 1115 3408 P.
1133 3377 1176 3391 -

722 3431 764 3490 Μ·
793 3450 844 3490 neo
873 3432 990 3489 obtineri
1015 3435 1112 3510 potuit.
1140 3465 1177 3481 -

722 3516 784 3576 ΡΜ·
809 3515 933 3575 consules
954 3517 1077 3582 tanet..
1097 3521 1176 3604 Pepl-

723 3607 782 3665 rius
791 3603 956 3668 Crassusla.
963 3606 1100 3669 luliusn-
1115 3545 1177 3670 Plts

725 3691 822 3751 laedes
840 3692 874 3750 sb
897 3704 992 3772 senatu
1011 3717 1077 3756 cum
1093 3702 1200 3779 petis·

659 3807 665 3820 ·
722 3789 793 3842 sent.
814 3811 850 3826 -
868 3780 909 3840 ll:
937 3794 959 3837 tc
970 3786 1177 3860 proefoedere.

722 3867 788 3926 dein
804 3870 979 3968 m.1.:up.
998 3871 1177 3932 -Pllade-

723 3961 792 4020 ditio
804 3974 983 4026 ostentaretur
994 3966 1111 4026 indutias
1125 3968 1177 4040 (Pr

720 4047 861 4122 inducias)
881 4073 1013 4113 annorum
1040 4063 1102 4114 octo
1126 4057 1175 4114 lm·
1240 4123 1249 4134 .

721 4147 904 4218 petrauerunt.

661 4223 706 4284 16.
723 4243 814 4302 super·
834 4235 984 4304 scamium
1010 4229 1041 4286 iu
1062 4221 1175 4310 Algido
