2832 4720
5 262 13 352 i

4 579 6 618 l

533 309 641 390 tura
658 329 704 390 ιιι.

1104 316 1167 383 253

68 503 178 560 etores
200 492 335 561 invenio.
371 491 409 560 1..
434 491 617 559 Cornelium
644 489 810 560 consulem
832 489 865 558 id
886 489 1006 558 bellum
1034 491 1168 582 gessisse
1199 545 1201 556 ,

69 598 293 689 oppidumque*
314 598 435 689 cepisse
458 606 581 664 certum
602 597 783 678 adfirmare,
806 595 879 688 quia
901 595 988 662 nulla
1011 598 1094 686 apud
1116 621 1167 664 ve·

69 703 222 770 tustiores
245 702 414 793 scriptores
437 701 505 768 eius
527 701 573 767 rei
597 699 716 768 mentio
738 710 796 784 est,
822 684 887 778 non
909 699 1019 768 ausim.

160 803 280 872 XXIV.
324 805 396 874 Hoc
424 804 510 872 bello
536 805 679 896 perfecto
706 803 908 882 tribunicium
933 803 1020 872 domi
1048 802 1168 871 bellum

67 921 179 1000 patres
201 908 331 976 tenitat.
365 909 502 986 clamant
523 909 632 976 fraude
654 907 722 975 fieri
744 908 831 998 quod
851 906 929 976 foris
950 918 1096 976 teneatur
1117 921 1199 976 err-5

3 1061 4 1066 κ
68 1015 205 1082 ereitus:
243 1011 478 1082 fnrstrationem
500 1037 572 1082 earn
593 1012 672 1104 legis
698 1012 858 1080 tollendae
886 1037 971 1080 esse:
1010 1035 1045 1080 se
1070 1011 1170 1078 nihilo

72 1119 183 1185 minus
205 1141 274 1184 rem
296 1129 476 1208 susceptam
499 1128 692 1208 peracturos.
727 1116 861 1208 optinuit
875 1127 984 1186 tamen
1005 1115 1042 1183 L.
1056 1113 1171 1182 Lu'ere·

68 1221 142 1294 tius¹
165 1218 344 1311 praefectus
371 1223 458 1290 urbis
486 1233 523 1290 ut
549 1223 690 1290 actiones
718 1220 900 1288 tribuniciae
933 1222 966 1288 in
999 1208 1172 1289 adventum

68 1327 242 1393 consulum
268 1325 475 1394 differrentur.
513 1338 581 1396 erat
607 1337 640 1394 et
666 1349 751 1394 nova
779 1335 891 1394 exorta
924 1348 1020 1394 causa
1053 1333 1171 1392 motus.

69 1429 112 1496 A.
137 1427 302 1498 Cornelius
331 1431 427 1518 etQ.
450 1429 601 1499 Servilius
630 1441 815 1521 quaestores
835 1429 882 1498 Μ.
904 1429 1051 1512 Volscio,
1085 1428 1172 1518 quod
1186 1441 1218 1496 to

69 1533 171 1600 falsus
193 1534 278 1601 baud
301 1534 395 1602 dubie
416 1535 505 1602 testis
527 1535 560 1600 in
582 1534 761 1602 Caesonem
782 1531 951 1616 extitisset,
979 1533 1065 1610 diem
1087 1532 1172 1599 dixe-

71 1648 155 1703 rant.
193 1637 300 1704 multis
327 1638 413 1704 enim
440 1637 608 1704 emanabat
632 1636 754 1704 indiciis
779 1659 885 1726 neque
912 1635 1042 1702 fratrem
1062 1635 1173 1702 Volsci

73 1765 119 1806 ex
142 1763 207 1829 quo
230 1740 331 1806 semel
352 1740 447 1808 fuerit
467 1764 561 1830 aeger
575 1763 730 1829 umquam
745 1762 811 1806 non
831 1738 930 1807 modo
945 1738 1050 1816 visum
1069 1738 1102 1803 in
1117 1762 1173 1827 pu-

73 1842 161 1910 blico
184 1843 303 1910 sedne
325 1843 539 1910 adsurrexisse
568 1842 697 1934 quidem
725 1867 767 1912 ex
793 1841 907 1912 morbo
934 1841 1172 1931 multorumque

6 1995 10 2000 =
56 1947 152 2046 ,tabe
174 1971 321 2014 mensum
342 1959 519 2032 mortuum,
550 1971 612 2014 nec
632 1947 682 2016 his
702 1946 900 2038 temporibus
921 1945 954 2011 in
980 1969 1062 2035 quae
1083 1945 1173 2030 testis
1185 1965 1217 2018 15
1294 2034 1298 2047 Ι

73 2052 196 2119 crimen
225 2051 412 2120 coniecisset
433 2051 612 2120 Caesonem
636 2051 759 2121 Romae
785 2051 905 2133 visum,
937 2049 1174 2116 adfirmantibus

36 2249 39 2256 Ι
75 2156 133 2246 qui
155 2179 218 2222 una
240 2166 420 2224 meruerant
441 2179 550 2224 secum
565 2179 640 2223 eum
658 2168 728 2225 tum
742 2155 1007 2245 frequentemque
1023 2153 1062 2221 ad
1085 2153 1173 2244 signu

75 2261 146 2326 sine
167 2259 233 2328 ullo
257 2272 438 2330 commeatu
460 2261 567 2329 fuisse.
589 2261 649 2328 nisi
669 2261 713 2330 ita
733 2271 828 2344 esset,
851 2256 942 2326 multi
962 2257 1108 2348 privatim
1130 2257 1174 2324 f·

96 2435 124 2494 ⁶.
135 2432 367 2506 frustrationem
384 2421 465 2493 ¹arans:
486 2435 518 2495 P.
536 2435 590 2493 lru·

143 2522 285 2576 stationem
297 2541 368 2576 eam:
383 2519 418 2580 lll.
427 2553 461 2564 -—
474 2522 509 2578 P:
522 2526 591 2598 opti-

143 2609 210 2665 nuit.
235 2637 269 2648 -
299 2605 342 2662 M:
360 2627 387 2685 p.
403 2607 422 2666 l.
437 2611 443 2681 1
457 2608 593 2668 lucretius.

142 2693 179 2760 P:
198 2715 225 2771 p.
242 2693 378 2752 lucretius.
398 2727 431 2736 -
449 2694 491 2754 ll:
509 2697 593 2753 tribu·

146 2783 236 2850 nitiae.
249 2811 283 2821 -
300 2779 361 2838 Pll:
380 2779 547 2842 differentur.
559 2813 594 2827 -

144 2865 180 2924 P:
204 2876 365 2946 questam.
394 2899 429 2910 -
455 2867 497 2942 P:
520 2891 594 2928 ceso·

144 2975 212 3014 uem.
232 2987 267 2996 -
283 2953 318 3010 P:
337 2953 408 3012 diem
426 2955 541 3016 dixerat.

31 3060 37 3072 .
80 3042 244 3100 tumultis
267 3044 344 3099 enim
367 3045 537 3102 emanabat:
563 3043 595 3103 P.

144 3127 234 3185 multis
252 3133 323 3187 enim
335 3132 494 3188 amanabrt:
513 3129 548 3190 ll.
561 3163 593 3178 -·

146 3214 208 3272 Ptt:
217 3215 325 3272 fratrem
334 3215 428 3277 unleei.
437 3249 471 3261 -—
480 3217 515 3274 P:
526 3239 596 3293 eger.

85 3304 130 3358 15.
148 3320 293 3358 mensum:
310 3301 368 3362 Pll.
380 3334 415 3347 -
433 3304 468 3361 P:
486 3307 532 3382 qui
543 3327 596 3362 una

147 3395 303 3442 meruerunt
329 3407 420 3446 secum
449 3410 509 3446 eum
537 3400 596 3448 tam

149 3478 200 3542 (m.
218 3475 257 3532 Ἅι
275 3478 359 3546 tam).

41 3602 44 3616 .
89 3560 597 3637 17.sraquentemque(„undawar‘):

150 3645 198 3706 ΡΜ
215 3645 288 3708 Harl.
300 3667 317 3708 ι.
335 3645 412 3710 Leit.
421 3651 458 3722 1.]
477 3650 598 3726 frequen·

150 3746 211 3795 tem.
242 3767 276 3776 -
306 3734 343 3793 P:
368 3739 427 3797 sine
449 3736 506 3792 ulla
528 3756 599 3793 com·

148 3831 244 3880 meatu.

93 3911 135 3974 ts.
153 3908 214 3963 nisi
230 3910 272 3964 r'ta
289 3920 379 3980 caret,
402 3913 488 3970 multi
500 3913 600 3988 priua·

93 4013 96 4019 ·
152 3995 204 4049 tim
219 3993 363 4066 serebant
384 3999 504 4056 Volscio
527 3999 602 4056 tuda·-

154 4101 232 4138 cem:
257 4081 316 4142 coel.
334 4081 440 4157 Rhea]
460 4088 488 4142 ni
506 4087 542 4142 ita
561 4105 602 4140 es·

153 4179 210 4239 ret,
237 4167 312 4225 molti
334 4173 457 4249 privatim
484 4173 604 4230 terebant

707 2434 832 2494 'Volscio
850 2433 961 2494 iudices.
989 2461 1025 2477 -
1054 2432 1092 2489 P:
1121 2433 1175 2489 nisi

676 2532 678 2542 '
721 2525 758 2580 ita
777 2532 847 2579 esset
864 2519 940 2577 multi
958 2521 1085 2598 priuatim
1108 2517 1175 2575 mul-

724 2609 760 2664 tis
786 2610 900 2686 priuatis
927 2606 1048 2664 ferebant
1073 2605 1176 2662 uolrcio

725 2693 850 2753 iudicem.
885 2692 927 2750 tl:
953 2695 1007 2750 nisi
1032 2696 1070 2749 ita
1098 2703 1178 2760 esset,

696 2805 700 2817 ·
728 2779 804 2840 multi
822 2779 908 2836 malti
920 2781 926 2850 Ι
940 2781 1067 2856 priuatim
1085 2782 1111 2836 is
1122 2782 1177 2856 pri·

665 2907 668 2924 .
728 2869 798 2924 uatis
824 2865 944 2922 lerebrmt
959 2867 964 2936 Ι
981 2865 1082 2922 uolscio
1109 2865 1177 2922 iudi-

728 2971 800 3010 cem:
824 2949 875 3023 (el.
893 2954 925 3024 9,
944 2955 983 3008 7.:
997 2954 1109 3029 fimi).
1136 2955 1178 3009 iu·

727 3041 821 3098 dicem
838 3059 892 3095 non
905 3037 1018 3096 iudices
1030 3049 1102 3098 recte
1113 3042 1179 3096 sori·
1203 3077 1207 3105 r

727 3139 804 3206 ptum
831 3136 873 3184 est
897 3128 927 3183 in
953 3127 1075 3184 omnibus
1100 3127 1179 3186 codd.

726 3216 760 3274 cf.
778 3217 810 3283 3,
827 3215 886 3272 ut:
909 3233 940 3270 aa
957 3217 1053 3270 iterum
1076 3234 1107 3269 ac
1123 3233 1179 3268 sae·

728 3304 790 3380 pius
807 3299 923 3358 iudicem
936 3299 975 3356 illi
987 3299 1066 3358 lerre.
1083 3303 1111 3364 8,
1123 3301 1180 3356 33.:

729 3406 848 3466 provoco
866 3386 901 3443 ad
917 3384 1047 3463 populum
1069 3403 1181 3464 eumque

730 3471 781 3528 tibi
799 3474 910 3550 fugienti
925 3472 1057 3528 exereitus
1075 3471 1124 3538 tui,
1141 3469 1155 3526 l
1171 3500 1181 3513 ·

729 3562 811 3636 giemi
834 3569 941 3616 senatur
966 3557 1095 3616 iudicium
1112 3557 1182 3614 iudi·

733 3665 790 3702 cem
809 3645 874 3704 sero.
893 3648 919 3714 9,
938 3648 977 3716 la
995 3663 1074 3721 quem
1091 3643 1142 3701 tibi
1154 3688 1182 3706 ..
1230 3673 1232 3685 ι

677 3803 683 3810 ι
731 3732 848 3790 iudicem
867 3729 963 3800 leram,
986 3733 1119 3788 neminem
1137 3751 1183 3788 na-

733 3839 785 3896 que
802 3820 929 3896 populum
947 3837 1034 3895 neque
1050 3819 1182 3896 privatum

735 3907 817 3980 logio.
840 3905 892 3975 (cl.
916 3907 996 3962 etiem
1014 3901 1073 3962 Cic.
1092 3903 1183 3962 deor.

735 3993 761 4059 2,
779 3995 821 4049 70.
839 3994 916 4062 285.)
941 3994 968 4062 3,
986 3993 1044 4050 56.:
1065 3991 1126 4046 nisi
1142 3992 1183 4046 iu·

735 4079 828 4134 dicem
847 4079 942 4136 diaes:
960 4075 1036 4150 (Cic.
1055 4075 1089 4132 dc
1107 4096 1146 4135 or.
1158 4079 1184 4147 2,

734 4167 778 4224 65.
797 4167 876 4237 262.)
