2838 4822
133 296 135 306 ¹
249 269 294 338 20
714 279 857 382 ruunt.

157 419 159 427 ,
251 444 357 516 aduro
379 443 484 514 auimo
505 441 626 514 evadit:
652 440 787 513 Romani
807 439 979 532 Sabinique
1001 440 1033 510 in
1059 437 1163 508 media
1190 433 1356 506 convalle

199 601 200 610 ι
251 551 387 618 duorum
413 540 568 618 montium
591 544 804 636 redintegrant
828 546 999 638 proelium:
1031 543 1089 614 sed
1114 565 1166 610 res
1193 541 1351 610 Romana

252 664 320 722 crat
339 652 489 743 superior.

184 750 229 814 ‘s
338 757 420 824 XIII.
441 757 528 826 Τιιιιι
541 754 677 838 Sabinae
691 749 849 838 madores,
869 777 1004 846 qnararm
1024 776 1066 823 ex
1086 750 1195 820 iniuria
1217 747 1350 818 beiirnn

43 910 47 920 ·
147 927 148 936 ,
222 872 357 932 sonum
378 873 455 946 erat,
481 860 617 931 crinibus
638 858 738 950 passis
759 858 921 950 scissaque
943 869 1031 928 veste
1053 857 1137 926 victo
1158 854 1251 924 unalis
1273 877 1346 920 mu·

250 965 340 1034 liebri
359 987 479 1056 pavore
502 988 597 1034 ausae
618 987 653 1032 se
674 964 756 1036 inter
780 963 845 1034 tela
866 963 1006 1032 volantia
1023 961 1147 1044 inienc,
1174 983 1216 1028 cx
1242 969 1346 1026 trans

250 1091 344 1139 verso
368 1069 514 1164 impetn
518 1070 603 1138 iacto
628 1068 774 1137 dirimere
809 1067 939 1136 infestas
970 1065 1062 1150 acies,
1097 1059 1279 1132 dirimere
1269 1085 1346 1144 rrae,

248 1172 325 1240 irinc
345 1183 452 1262 patres
472 1172 598 1242 hinc
568 1195 652 1242 viros
674 1183 799 1242 orantes
819 1197 861 1242 ne
883 1170 1034 1262 sanguine
1062 1193 1098 1236 se
1125 1163 1266 1236 nebndo
1294 1189 1347 1234 se

252 1275 317 1344 ceri
337 1275 506 1366 generique
526 1287 753 1370 respergerent,
773 1301 815 1358 ne
836 1275 1021 1368 parricidia
1023 1271 1219 1343 macularent
1232 1280 1348 1360 partus

206 1388 241 1456 10
252 1399 337 1463 suos,
358 1391 513 1476 nepotum
532 1381 587 1466 illi,
609 1381 642 1450 hi
663 1380 799 1450 liberum
818 1379 1011 1472 progeniem.
1039 1377 1089 1462 „si
1111 1372 1313 1444 adfuturis
1302 1396 1348 1440 m

252 1494 301 1550 ter
321 1507 391 1568 vos,
412 1483 440 1552 si
461 1485 589 1554 conubii
609 1484 705 1576 piget,
725 1486 760 1554 in
779 1508 839 1556 nos
861 1483 973 1554 vertite
987 1483 1058 1550 iras.
1071 1505 1133 1550 nos
1148 1502 1242 1548 causa
1258 1476 1349 1558 belli,

119 1613 122 1626 ⁴
251 1609 312 1656 nos
333 1587 501 1660 vuinenun
522 1612 565 1658 ac
582 1585 777 1659 eacdir'rm'
737 1589 820 1666 vnis
833 1588 1068 1680 separantibus
1087 1608 1208 1656 sumus.
1228 1580 1348 1650 melius

253 1689 423 1779 peribimus
451 1715 548 1784 quarn
573 1692 643 1762 siue
664 1692 770 1762 alteris
791 1706 933 1764 vestrum
958 1693 1084 1810 viduae
1093 1700 1155 1762 aar
1175 1687 1272 1756 orbae
1302 1681 1347 1750 ri·

0 1848 1 1859 ,
120 1829 126 1840 «
249 1799 396 1862 remus.“
417 1808 529 1864 movet
547 1820 599 1864 res
621 1820 695 1864 cum
709 1799 943 1866 multitudinem
962 1790 1033 1868 tu‘m
1055 1796 1162 1863 duces.
1184 1777 1347 1861 sssi'nuum
1417 1879 1418 1888 ἢ

209 1906 289 1963 aser
308 1896 472 1987 repentina
492 1899 530 1965 fit
542 1894 652 1988 quies.
668 1898 742 1970 inde
765 1901 805 1968 ad
826 1900 943 1968 foedus
961 1900 1141 1968 faciendum
1160 1897 1258 1964 duces
1273 1917 1346 1984 pro-

219 2063 229 2076 ,
253 2000 361 2080 derant,
381 2021 443 2066 nec
463 2022 578 2091 pacem
598 2002 696 2071 modo
718 2005 776 2072 scd
797 2004 955 2074 civitatem
975 2028 1073 2072 ruram
1094 2027 1136 2070 ex
1158 1997 1280 2068 duabus
1303 1997 1346 2064 Ia·

134 2156 139 2162 .
226 2149 228 2158 ,
252 2101 348 2186 ciunt,
368 2125 500 2192 regnum
515 2105 706 2190 consociant,
720 2106 889 2199 imperium
907 2129 1003 2178 omne
1016 2108 1184 2178 conserunt
1197 2104 1345 2188 Romam.

250 2204 295 2274 ita
316 2206 473 2296 geminata
494 2201 573 2302 urbp
595 2220 631 2278 ut
652 2210 775 2281 Sabinis
797 2223 905 2283 tamen
933 2212 1050 2302 aliquid
1077 2214 1217 2294 daretur,
1244 2208 1345 2294 Qrdri

251 2319 301 2378 tes
323 2335 342 2376 a
364 2309 499 2380 uiribus
521 2311 681 2402 appellati.
703 2315 946 2386 monumentum
968 2317 1035 2382 cius
1056 2338 1190 2404 pugnae,
1202 2313 1266 2380 ubi
1285 2311 1345 2402 pri-

136 2499 138 2508 ‚
207 2419 344 2494 utimum
358 2419 407 2481 'ex
423 2414 583 2503 profunda
606 2440 747 2488 emersus
768 2422 884 2511 palude
912 2443 1013 2510 equos
1035 2419 1180 2486 Curtium
1207 2416 1239 2484 in
1261 2418 1345 2485 vado

253 2515 373 2600 statuit,
395 2515 539 2586 Curtium
561 2520 667 2590 lacum
689 2525 895 2614 appellarunt.
923 2526 974 2600 Ex
988 2523 1074 2592 bello
1090 2521 1248 2590 tamtristi
1263 2522 1343 2588 iacta
1386 2597 1393 2618 ,

252 2631 384 2711 repente
409 2644 474 2710 pax
502 2623 638 2709 cariores
665 2627 798 2700 Sabinas
825 2631 899 2698 viris
932 2653 970 2697 ac
984 2653 987 2662 ·
1003 2627 1185 2718 parentibus
1213 2636 1344 2730 stante

137 2764 142 2792 ι
252 2748 374 2801 omnes
391 2725 570 2797 Romulo
559 2731 621 2820 rpsi
647 2732 731 2802 fecit.
759 2733 866 2822 itaque
895 2757 971 2800 cunr
995 2730 1194 2819 populum
1184 2754 1217 2796 ιιι
1244 2721 1344 2798 curias

251 2829 376 2919 triginta
398 2829 559 2920 divideret,
580 2835 715 2902 nonrina
730 2859 841 2904 carum
862 2837 956 2908 curiis
975 2833 1124 2924 inposuit.
1146 2834 1179 2900 id
1199 2858 1265 2902 nun
1285 2845 1343 2900 tra

208 2934 244 2992 ιι
257 2931 347 3014 ditur,
369 2953 444 2998 cum
464 2931 543 3000 haut
564 2936 658 3004 dubie
680 2938 878 3027 aliquanto
861 2961 1013 3006 numerus
1035 2937 1135 3010 maior
1156 2937 1218 3008 hoc
1236 2940 1343 3009 mulie

256 3057 329 3101 rum
353 3034 462 3120 fuerit,
434 3037 585 3142 iactati
612 3061 653 3106 an
682 3041 880 3161 dignitatibus
906 3043 972 3110 suis
998 3043 1177 3116 virorumve
1199 3068 1240 3112 an
1260 3057 1344 3128 sorte

126 3187 155 3232 λ
256 3138 359 3206 lectae
385 3136 465 3207 sini
461 3130 557 3228 quae
583 3142 712 3212 nonina
739 3146 832 3214 curiis
860 3147 980 3214 darent.
1010 3148 1125 3214 codem
1145 3159 1289 3238 tempore
1312 3160 1345 3216 et

245 3241 416 3310 ¹centuriae
449 3252 515 3310 tres
535 3245 692 3334 equitum
728 3251 924 3341 conscriptae
957 3263 1040 3320 sunt
1082 3251 1276 3320 Ramnenses
1303 3253 1344 3320 ab

257 3345 405 3430 Romulo,
433 3344 473 3414 ab
501 3347 541 3417 Τ.
563 3348 656 3420 Tatio
683 3352 840 3424 Titienses
862 3355 1020 3446 appellati.
1063 3355 1222 3426 Lucerum
1247 3355 1362 3424 nomi·

319 3514 609 3584 (sciincmominer
622 3519 767 3597 ei1985.)]
838 3525 881 3586 16.
898 3525 956 3584 aed
970 3528 1126 3586 -ciuitatem
1148 3543 1251 3586 unum.-
1271 3521 1341 3598 ΡΜ]

320 3599 530 3679 adverteretque.
897 3613 946 3669 sed
964 3623 992 3670 ct
1008 3615 1143 3670 civitatem
1159 3629 1248 3668 unam.

276 3683 303 3740 8.
320 3702 357 3740 ne
387 3691 530 3764 sunguine
560 3713 593 3750 se
616 3693 768 3766 nefando:
836 3699 880 3759 20.
898 3719 1008 3776 equos:
1025 3696 1071 3768 P]
1090 3715 1181 3770 equos.
1198 3694 1323 3773 Mchui.

319 3767 369 3842 M]
387 3789 467 3850 nese
484 3779 751 3851 sangninenefando.
836 3817 872 3827 —
900 3787 1040 3842 Curtium.
1057 3813 1093 3826 -
1110 3781 1174 3838 uu:
1192 3781 1307 3843 Curtius.

259 3853 303 3912 10.
320 3855 445 3917 liberum
458 3865 641 3939 progeniem:
659 3865 716 3927 utu.
772 3873 773 3879 ’
836 3871 880 3931 26.
897 3872 1005 3927 amati:
1021 3869 1069 3944 u]
1086 3879 1180 3939 ιιιιιιι.

260 3941 449 4002 Incumbit:
467 3943 537 4018 PII]
556 3953 689 4014 connubii.
836 3960 880 4018 29.
893 3957 1053 4034 appellati:
1076 3955 1106 4016 P.
1127 3988 1163 4002 -
1186 3956 1228 4016 lu:
1244 3959 1336 4034 appel⁴

258 4026 302 4085 14.
320 4032 767 4104 mooetrearlil.mooentres.·i'.
896 4046 973 4102 late:
994 4043 1043 4100 sed
1066 4065 1102 4105 ιιι.
1117 4048 1148 4104 ·1.
1170 4045 1277 4114 ridetur
1292 4063 1335 4116 op·

257 4137 292 4156 ⁶-
319 4131 398 4176 cum:
415 4116 446 4177 P.
464 4128 541 4180 tum:
558 4121 594 4182 u.
895 4128 1000 4203 pellata·
1016 4131 1106 4192 inisse.
