2836 4720
1089 260 1097 302 l

219 299 282 369 180
591 247 616 290 ⁵
682 307 791 372 noer
807 309 841 372 u.

217 469 358 547 vantium
380 475 499 560 animo,
528 475 587 544 alia
608 473 735 568 publiea
757 459 969 544 sollicitudine
989 473 1124 542 excitata
1146 473 1257 541 lavore
1280 481 1315 540 et

218 583 421 652 admiratione
440 593 589 672 stupens.
627 579 671 647 ire
699 579 798 648 fortes
826 580 872 646 ire
893 577 1003 646 felices
1028 577 1152 662 iubent,
1177 577 1317 669 inceptis

215 698 350 756 eventus
363 707 458 779 pares
472 686 625 754 redderet
647 685 830 769 consulatus
853 683 927 750 inde
941 707 982 751 ec
995 681 1184 774 triumphos,
1205 683 1316 750 omnia

217 791 355 882 praemia
378 792 418 858 ab
439 811 475 860 se
496 810 608 858 omnes
630 788 769 857 honores
781 798 937 879 spectare.
965 787 1238 879 praetereuntibus
1255 787 1317 855 Ga—

186 894 361 985 tpitolium
383 917 552 986 arcemque
575 905 608 961 et
635 893 694 960 alia
722 893 842 984 templa
867 891 1020 986 quidquid
1052 893 1185 960 deorum
1210 893 1317 962 ourfis

125 1013 134 1028 ·
215 999 369 1090 quidquid
391 999 495 1068 animo
518 997 655 1067 occurrit
674 1008 857 1088 precantur,
875 1008 915 1064 ut
935 997 1015 1063 illud
1037 1019 1152 1088 agmen
1172 997 1318 1064 laustrun

215 1114 311 1193 etque
334 1103 411 1172 lelix
438 1104 578 1189 nitunt,
611 1104 746 1194 sospites
769 1102 857 1169 brevi
877 1101 911 1168 in
935 1100 1071 1194 patriam
1097 1100 1139 1167 ad
1165 1112 1317 1192 parentes

215 1207 390 1276 restituant.
434 1208 467 1274 in
494 1229 620 1276 cassum
653 1209 768 1276 nissae
799 1228 924 1298 preces.
964 1205 1082 1274 infelici
1113 1205 1165 1273 via
1200 1205 1316 1272 dextro

215 1313 291 1382 lano
314 1325 426 1405 portae
448 1311 656 1380 Carmentalis
677 1312 813 1402 profecti
833 1313 874 1379 ad
897 1310 1081 1379 Cremeram
1104 1310 1225 1378 flumen
1246 1335 1317 1402 per·

169 1415 356 1488 reveniunt.
391 1418 420 1485 is
443 1427 619 1508 oportunus
641 1415 732 1484 visus
749 1417 850 1494 ,locus
880 1415 1124 1484 communiendo
1146 1415 1317 1518 praesidio.

166 1538 169 1554 ¹
215 1518 252 1587 L.
274 1519 428 1590 Aemilius
454 1521 528 1590 inde
554 1532 589 1588 et
606 1520 650 1588 G.
671 1517 824 1595 Senibus
840 1519 1000 1587 ¹consules
1027 1517 1113 1588 laed.
1151 1532 1184 1589 et
1210 1521 1317 1588 donec

215 1623 293 1690 nihil
310 1624 402 1692 aliud
421 1645 521 1717 quarn
542 1626 576 1692 in
596 1623 855 1716 populationibus
876 1647 928 1692 res
950 1623 1018 1709 luit,
1049 1647 1115 1692 non
1137 1625 1183 1693 ad
1199 1627 1315 1717 praesi—
1410 1621 1415 1645 ¹

214 1727 303 1793 dium
323 1728 422 1796 modo
442 1729 614 1797 tutandum
627 1729 706 1796 Fabi
728 1729 803 1796 satis
826 1738 915 1796 erant
936 1726 993 1795 sed
1015 1738 1084 1806 tota
1099 1730 1228 1822 regione
1251 1755 1316 1822 qua

214 1831 339 1900 Tuscus
357 1831 437 1926 ager
458 1835 606 1903 Romano
629 1834 766 1917 adiacet,
798 1857 857 1900 sua
879 1841 948 1899 tuta
969 1834 1090 1920 omnia,
1118 1835 1231 1903 infesta
1259 1835 1315 1903 bo

168 1935 310 2010 1'5stiu1n
342 1947 493 2026 vagantes
530 1963 588 2029 per
619 1947 791 2028 utromque
824 1935 922 2002 finem
951 1936 1068 2006 fecere.
1112 1939 1314 2009 intervallum

214 2039 328 2106 deinde
350 2040 443 2107 haud
458 2040 890 2134 magnum-populationibus
911 2039 985 2124 nur,
1011 2043 1088 2110 dum
1109 2056 1142 2112 et
1163 2045 1315 2113 Veientes

215 2144 315 2210 accito
338 2167 380 2211 ex
400 2145 526 2213 Etruria
551 2146 695 2214 exortu
722 2144 914 2236 praesidium
934 2143 1105 2216 Cremerae
1127 2155 1315 2241 oppugnent

215 2259 248 2314 et
267 2249 431 2336 Romanae
453 2250 594 2340 legiones
617 2251 657 2316 ab
678 2248 716 2316 L.
739 2247 874 2317 Aemilio
896 2250 1029 2318 consule
1052 2253 1313 2322 adductaeeonr

174 2413 177 2416 .
214 2351 319 2418 minus
340 2372 415 2420 curn
431 2352 573 2422 Etnrscis
594 2353 746 2421 dimicant
768 2353 845 2420 acie.
866 2356 1139 2445 qrramquamyix
1161 2359 1313 2450 dirigendi

166 2472 202 2530 no
214 2457 315 2524 aciem
332 2455 474 2548 spatirun
495 2457 680 2527 Veientibus
702 2457 776 2524 brit:
813 2458 893 2525 adeo
915 2457 997 2527 iuter
1023 2461 1158 2549 primam
1178 2463 1312 2554 trepida

165 2590 188 2658 Q
214 2562 348 2647 tionem,
363 2575 366 2582 '
381 2562 458 2628 dum
479 2573 554 2653 post
580 2563 667 2655 signa
696 2561 822 2631 ordines
848 2563 1010 2636 introeunt
1035 2565 1239 2659 subsidiaque
1267 2569 1312 2636 lo·

102 2807 105 2814 ,
231 2761 338 2821 iulio
353 2764 473 2839 pubb'cn
490 2763 624 2824 sollicite
651 2763 681 2824 P.
699 2767 728 2823 ia
858 2763 916 2822 Pil„
935 2763 970 2826 el.
982 2763 1012 2825 P.
1025 2763 1109 2824 Ovidi
1127 2767 1188 2828 last.
1206 2771 1232 2840 2,
1249 2772 1310 2830 201.

201 2869 209 2884 ⁸
272 2849 300 2905 Μ
319 2849 419 2908 excidit
436 2851 488 2906 hoc
505 2850 618 2908 alterum
634 2855 705 2912 alia,
858 2882 892 2892 -
922 2850 958 2908 P:
989 2861 1161 2926 oportunus.
1185 2874 1224 2899 -·
1249 2856 1311 2917 Pu:

120 2929 122 2936 ’
222 2965 256 2976 -
267 2936 384 3006 fanore
402 2946 431 2992 el
447 2937 645 2996 adoriralione
664 2949 726 2998 slu-
857 2957 889 3015 g.
907 2939 1048 2996 seruilius
1065 2944 1124 3002 cis.

271 3041 363 3096 pens:
381 3021 439 3081 ΡΜ.
798 3027 841 3084 13.
857 3023 949 3082 Fabi:
967 3022 1010 3096 P]
1029 3023 1115 3085 Fabii.
1129 3059 1162 3069 —
1180 3027 1201 3084 Ρ
1219 3049 1253 3088 m.
1273 3037 1310 3089 1.:

231 3109 257 3166 2.
275 3106 427 3180 infortes
440 3105 600 3177 ireselices
613 3111 725 3166 iebant:
858 3118 1000 3169 tutantem.
1038 3143 1074 3156 ·-
1121 3111 1165 3172 ll:
1204 3119 1312 3192 regione

273 3194 349 3254 Pm.
368 3196 393 3252 l.
411 3189 447 3250 Μ.
465 3219 500 3235 -·-
527 3193 603 3254 Pru.
621 3200 659 3256 nt
685 3199 726 3254 ire
857 3217 930 3274 quan
945 3201 950 3270 Ι
965 3207 1066 3258 turcus.

272 3279 363 3337 felices
381 3279 465 3338 ibent.
796 3285 838 3343 15.
851 3285 974 3358 fecere:
992 3285 1016 3343 P
1030 3307 1067 3347 m.
1085 3287 1111 3346 Ω.
1129 3288 1164 3348 Μ.
1183 3321 1217 3332 -
1233 3289 1257 3346 P
1274 3311 1310 3350 m.

232 3369 256 3426 i.
275 3377 407 3442 spectare
422 3371 493 3440 (non
510 3376 724 3456 ,‚expeetare“):
858 3379 897 3434 l.:
909 3373 1059 3445 facerent.
1071 3405 1105 3420 ·-
1117 3374 1140 3432 P
1150 3396 1186 3436 m.
1202 3380 1242 3436 1.:
1259 3376 1312 3434 fuit

205 3471 208 3475 ·
273 3454 319 3528 Μ]
338 3475 455 3534 sperare.
470 3456 508 3517 el.
526 3461 570 3528 28,
589 3461 645 3517 ln:
673 3461 724 3528 „in
857 3469 886 3515 et
904 3461 967 3518 dum
985 3464 1114 3522 seientes.
1140 3482 1176 3521 m.
1193 3467 1234 3521 2:
1258 3463 1311 3520 fuit

275 3561 351 3597 suum
374 3543 456 3601 decus
478 3563 628 3622 nomenque
651 3545 725 3603 velut
857 3545 921 3603 dum
939 3549 1068 3608 ndentes.
1084 3577 1121 3594 -
1148 3546 1188 3603 ll:
1207 3551 1309 3606 exerei-

275 3642 484 3688 consummatam
501 3636 558 3689 cius
581 3633 644 3689 belli
668 3635 724 3708 glo·
856 3643 900 3690 tus
918 3639 969 3704 (m.
988 3637 1029 3692 2:
1053 3634 1187 3702 exercitu)
1202 3635 1207 3704 Ι
1222 3639 1308 3710 presi·

274 3715 341 3769 riam
359 3717 526 3792 spectabat“.
545 3723 571 3786 5,
584 3723 641 3778 ll:
660 3742 723 3797 spe·
856 3720 931 3776 diunt
948 3738 1064 3774 cremare
1082 3731 1245 3794 oppugnant

192 3801 197 3811 “
274 3808 361 3858 ctare.
375 3831 408 3842 ·—
419 3801 480 3858 Plll:
500 3807 649 3882 quidquid
660 3808 723 3864 deo·
795 3807 838 3863 18.
856 3795 1032 3862 comminus:
1051 3802 1120 3876 ΡΜ]
1140 3809 1271 3869 cominus.

274 3885 333 3942 mur
357 3887 442 3944 oculis
466 3892 614 3968 quidquid
632 3897 722 3952 aalma
793 3895 836 3950 (ιθ.
852 3895 978 3967 primam
1006 3892 1247 3966 trepidationem:
1278 3895 1306 3951 Μ

273 3976 397 4033 occurrit.
411 4007 443 4018 -
457 3975 496 4032 tl:
508 3989 721 4055 praecantar-
854 3999 889 4036 m.
907 3979 932 4036 Μ.
951 3977 980 4035 Ρ.
997 3981 1112 4054 primam
1135 3983 1166 4037 in
1188 3982 1303 4057 trepidi·
1409 4029 1415 4072 ‘.

271 4051 332 4117 Plll:
351 4077 473 4136 procrea.
854 4068 940 4124 ttoni:
959 4065 985 4121 Μ
999 4087 1034 4127 m.
1047 4071 1072 4128 1.
1085 4096 1120 4110 ·-
1132 4066 1173 4124 ll:
1192 4087 1302 4124 romano

97 4219 109 4237 x
226 4147 252 4202 8.
270 4146 386 4217 infelici
413 4153 462 4205 aia
493 4151 599 4208 dextro
625 4152 720 4210 Jono:
854 4149 1038 4230 aequitumala.
