2750 4720
239 297 305 366 576
709 305 815 366 truta
835 305 867 366 V.

239 471 369 540 bibente
391 469 460 540 ullo
482 493 542 540 uec
565 481 714 552 vocante,
743 469 818 560 quia
840 470 928 560 quod
955 466 1031 536 utile
1061 467 1210 534 obsessis
1237 471 1285 536 ad
1310 471 1358 537 mi-

240 577 400 645 nuendam
428 573 580 644 inbellem
608 573 842 642 multitudinem
869 571 901 640 id
924 595 1037 664 pamm
1064 571 1254 640 humanum
1282 587 1355 644 erat

241 680 302 750 alio
323 679 463 748 maxime
489 680 592 774 plebis
618 679 726 763 turba,
758 701 857 769 quam
883 699 945 746 nec
972 700 1087 770 capere
1115 687 1184 744 tarn
1215 679 1354 772 exigens

241 786 332 856 collis
353 810 414 856 nec
436 784 519 853 alere
542 783 574 854 in
595 795 683 878 tanta
708 783 816 875 inopie
842 781 992 850 firrmenti
1021 792 1162 874 poterat,
1198 806 1246 850 ex
1278 784 1352 851 urbe

210 890 341 964 setosa
362 889 452 958 velut
472 888 597 980 agmine
612 888 677 956 iam
690 912 756 956 uno
772 887 862 980 petiit
875 887 1059 956 Ianiculum.
1095 886 1169 954 inde
1196 911 1281 978 pars
1297 913 1348 979 per

181 979 187 1001 ⁴
239 1017 333 1086 egros
354 994 475 1087 dilapsi,
497 1019 570 1086 pars
592 993 687 1062 urbes
708 1003 822 1084 petunt
842 991 999 1076 finitimae,
1020 992 1089 1060 sine
1103 986 1172 1060 'ullo
1190 993 1284 1060 duce
1302 1005 1348 1060 ant

240 1121 398 1168 consensu
419 1121 511 1168 suam
532 1099 667 1190 quisque
689 1120 782 1188 spem
803 1120 862 1166 sue
884 1095 1014 1164 consilia
1043 1097 1282 1165 communibus
1306 1099 1348 1164 de-

165 1225 169 1237 ·
239 1202 370 1294 ploratis
398 1213 620 1294 exsequentes
657 1201 775 1269 llamen
802 1201 927 1273 interim
950 1199 1120 1288 eririnalis
1142 1199 1348 1294 virginesque

241 1305 388 1376 Vestales
410 1307 527 1377 ombsa
548 1329 657 1376 rerum
677 1328 808 1374 suarum
830 1329 914 1392 eura,
941 1329 1025 1398 quae
1046 1328 1215 1374 sauronam
1239 1330 1347 1376 secatur

193 1431 229 1486 ιο
241 1409 383 1493 ferenda,
410 1434 493 1502 quac
516 1448 560 1462 -
582 1412 656 1504 qrrin
679 1411 762 1480 vires
784 1410 825 1478 ad
853 1410 960 1481 omnia
988 1409 1117 1478 ferenda
1142 1410 1288 1480 deerant
1307 1452 1343 1463 -

238 1513 444 1608 relinquenda
467 1527 576 1586 essent
596 1516 828 1598 consultantes,
856 1515 968 1606 quisve
995 1539 1033 1582 ea
1061 1514 1152 1596 locus
1182 1515 1282 1584 fideli
1302 1518 1344 1584 ad-

166 1679 170 1691 .
239 1629 420 1688 servebrrus
442 1621 585 1692 custodia
614 1631 711 1704 esset,
746 1619 903 1711 optimum
932 1620 1052 1688 ducunt
1079 1619 1210 1690 condita
1240 1622 1278 1688 in
1300 1624 1344 1690 do

239 1723 322 1793 liolis
351 1725 471 1796 sacello
505 1725 653 1818 proximo
687 1725 817 1794 aedibus
849 1723 984 1792 flaminis
1012 1722 1185 1810 Quirinalis
1214 1765 1266 1778 -
1298 1727 1361 1818 ubi3

240 1851 326 1896 nunc
349 1829 460 1922 despui
482 1830 591 1922 religio
615 1842 665 1898 est
685 1870 730 1882 —
752 1830 919 1902 defodere:
948 1839 1053 1897 cetera
1079 1829 1161 1897 inter
1188 1853 1227 1898 se
1253 1819 1361 1904 onerel

194 1953 228 2008 aa
240 1934 355 2022 partito
378 1934 484 2004 lemnt
504 1935 555 2004 via
581 1959 663 2028 quae
690 1935 824 2002 sublicio
852 1943 950 2026 ponte
980 1934 1066 2000 ducit
1095 1933 1136 2000 ad
1157 1913 1361 2003 lanimduml

239 2037 272 2104 in
300 2063 340 2106 eo
363 2039 446 2108 clivo
475 2064 530 2110 eas
559 2065 633 2108 cum
654 2039 691 2108 L.
714 2039 858 2108 Albinius
885 2040 925 2106 de
953 2037 1049 2130 plebe
1070 2037 1219 2106 Romana
1248 2039 1360 2107 homo'

239 2141 458 2234 conspexisset
478 2143 621 2236 plaustro
642 2146 811 2237 coniugem
838 2167 876 2212 ec
898 2142 1015 2210 liberos
1046 2141 1170 2212 babens
1191 2144 1278 2214 inter
1299 2168 1339 2211 ce

257 2340 284 2399 l.
303 2341 447 2401 inbellem.
466 2373 500 2384 -
518 2341 555 2399 P:
574 2341 755 2404 inbellemll
886 2343 976 2400 inesse
993 2341 1068 2400 aiunt
1088 2361 1150 2399 ossa
1175 2343 1337 2407 cadaverum.

302 2430 397 2488 m.1.:
421 2427 522 2486 inbelle
545 2429 754 2492 multitudinem.
889 2429 935 2487 alii
952 2429 1055 2490 Numae
1072 2429 1200 2509 Pompilii
1220 2430 1335 2506 religiosa

300 2535 338 2574 nr.
355 2518 394 2574 2:
413 2516 523 2579 inbello.
758 2532 760 2536 ·
888 2517 1223 2597 quaedampostmortem
1232 2521 1290 2577 eins
1301 2516 1336 2575 io·

256 2619 753 2698 d.intantainoprbfrumenti:Plll.
883 2603 991 2664 f⁰⁸⁸³“·

256 2723 294 2782 §.¹
302 2727 368 2782 epm
387 2727 449 2782 ϋηο
468 2726 560 2784 dm:
583 2726 658 2786 pm·
676 2729 702 2789 2·
719 2728 754 2788 M
826 2693 869 2750 14.
886 2700 984 2748 cetero
1006 2693 1083 2749 inter
1106 2714 1140 2752 ae
1164 2713 1255 2753 onere
1272 2714 1337 2771 por·

882 2781 937 2835 tito
948 2777 1095 2851 feruntur
1118 2781 1185 2836 urb:
1207 2780 1256 2838 Pll
1281 2781 1338 2839 cod

885 2865 972 2926 llben.
988 2865 1061 2925 Harl.
1074 2884 1093 2926 r.
1110 2863 1188 2926 Leid.
1206 2887 1225 2927 r.
1242 2901 1277 2911 -
1299 2869 1339 2938 Ur

884 2951 991 3010 videtur
1009 2964 1098 3011 ortum
1115 2957 1336 3031 exsequentibus

354 3099 361 3116 ¹
884 3037 981 3094 litteris
990 3041 1029 3108 ui,
1039 3043 1189 3109 sicut5‚dl.
1201 3039 1336 3100 inLeidr.

255 3098 281 3155 9.
300 3117 413 3156 omissa
421 3121 520 3157 rerum
529 3123 652 3159 auorum
664 3125 752 3164 curo:
885 3124 1081 3202 „capiebatur
1089 3130 1203 3186 urbemn
1215 3149 1268 3206 pm
1279 3151 1334 3198 „ep

279 3174 283 3190 ’
297 3184 320 3244 Ρ
337 3205 372 3244 m.
391 3189 417 3245 2.
440 3219 474 3230 -
500 3187 523 3244 Ρ
539 3209 575 3248 m.
594 3195 633 3249 1.:
656 3195 751 3250 omisa.
883 3210 1024 3289 piebant“.
1040 3243 1074 3256 ·-
1087 3215 1119 3272 ln
1136 3213 1160 3271 P
1177 3217 1286 3274 videtur
1301 3239 1332 3276 m.

296 3271 337 3334 blo
368 3278 495 3334 omissam
523 3297 613 3334 rerum
642 3299 750 3338 suarum
884 3301 909 3357 1,
928 3299 1012 3360 [uisae
1033 3319 1133 3378 amm.
1153 3335 1185 3348 -
1205 3304 1228 3360 P
1245 3325 1282 3366 nr.
1300 3310 1331 3364 1.:

298 3367 369 3422 curi.
387 3395 422 3406 -
439 3362 479 3422 ldr
500 3365 674 3444 relinquenda
692 3389 750 3426 ease
882 3387 997 3444 sublicio
1015 3397 1088 3467 pote,

298 3449 488 3512 consultantes.
501 3483 534 3497 -
547 3453 581 3511 P:
593 3459 689 3532 quisue
703 3479 750 3514 eae
821 3472 864 3530 15,
882 3475 917 3532 L,
932 3475 1070 3534 Albinius
1089 3477 1127 3534 de
1141 3477 1229 3553 plebe
1247 3489 1329 3540 roffi...

295 3535 380 3597 locus.
399 3559 434 3598 m.
447 3541 488 3600 2:
507 3543 602 3617 quisue
620 3564 650 3598 ca
662 3542 748 3605 locos.
881 3557 938 3620 ΡΜ,
961 3595 995 3603 -
1021 3561 1102 3622 Harl,¹
1114 3583 1132 3625 1.
1153 3564 1231 3624 Leid.
1248 3585 1266 3626 1.
1288 3566 1329 3627 ,1.:

295 3653 329 3665 -
347 3623 375 3680 tl
392 3646 428 3684 m.
448 3628 485 3684 1.:
503 3627 700 3690 adseruaturus.
880 3643 912 3706 L,
930 3647 1053 3709 Albim·

207 3738 212 3764 ¹
232 3727 276 3788 12.
295 3727 326 3783 in
337 3727 476 3785 doliolis:
493 3727 549 3788 ΡΜ.
568 3729 708 3790 Cll'nrm
720 3737 747 3802 5,
821 3733 862 3791 17.
881 3731 1231 3804 aalideroehobenaaPll
1239 3735 1327 3798 llerln.

293 3817 368 3875 157.:
388 3813 487 3882 „locus
505 3818 551 3893 qni
566 3829 677 3876 vocatur
690 3823 746 3878 Do·
878 3818 954 3880 Leid.
966 3841 983 3882 1.
999 3821 1049 3895 al]
1068 3843 1099 3880 ac
1116 3820 1217 3880 liberos
1235 3826 1328 3883 velens

162 3936 167 3945 ι
262 3969 264 3988 y
292 3899 358 3959 liola
385 3899 419 3959 ad
441 3901 560 3960 cloacam
586 3925 746 3976 maxumam,
853 3896 855 3904 ’
879 3904 974 3975 (Voss.
993 3913 1036 3979 n).
1058 3939 1093 3952 -
1116 3908 1152 3966 P:
1171 3914 1282 3990 coniuge
1298 3933 1326 3970 aa

289 3987 337 4045 ubi
355 4009 409 4046 non
426 3987 491 4046 lieet
505 3990 644 4070 despuere,
662 4017 677 4050 a
696 3996 743 4052 do·
879 3992 979 4052 liberos
997 3995 1107 4056 babens.
1135 3997 1206 4054 inter
1217 4010 1324 4056 ceteram

288 4072 362 4130 liolis
380 4075 431 4134 sub
453 4086 534 4139 terra.
562 4101 655 4138 eorum
673 4082 742 4138 duae
878 4081 970 4140 urbem
989 4105 1056 4160 qnae
1068 4081 1172 4142 inutilis
1183 4083 1251 4142 bello
1264 4087 1325 4143 urbe

287 4159 401 4216 traditae
427 4163 568 4232 historiae,
598 4167 670 4242 quod
693 4169 740 4225 alii
876 4167 1019 4226 accedebat
1036 4175 1086 4242 (ru.
1101 4175 1142 4232 2:
1161 4171 1323 4245 excedebat).

300 2839 336 2854 -
354 2809 376 2866 P
393 2831 429 2871 m.
449 2818 487 2872 1.:
504 2816 564 2870 sine
582 2835 636 2872 nno
655 2816 731 2874 duee.

154 2955 162 2966 .
255 2911 283 2968 8.
292 2912 427 2983 flamm.-
439 2913 468 2970 ·P
485 2937 521 2976 m.
539 2920 564 2977 b.
582 2917 618 2977 ll.
630 2947 664 2960 -
678 2917 700 2974 P
715 2939 752 2978 m.

302 2997 339 3054 1.:
360 2998 473 3059 llamem.
