2812 4724
459 244 463 254 ’
562 257 669 324 unm
686 257 731 320 ιν.
1132 245 1197 314 407

84 418 163 486 bis:
188 417 232 486 ibi
253 431 375 489 secretu
397 421 527 489 consilio
550 421 676 512 agitare,
697 422 787 513 queri
809 443 844 490 se
862 421 988 512 aplebe
1010 421 1090 489 adeo
1112 443 1197 511 spre-
1302 469 1304 475 ι

86 533 150 592 tos
173 535 212 592 nt
237 548 311 593 cnm
337 549 395 618 per
415 537 464 594 tot
491 549 591 594 annos
619 525 736 596 tribuni
763 526 897 604 utilitum
925 525 1083 596 consulari
1107 537 1196 618 pote·

88 639 184 712 state
203 642 358 712 creentur,
380 629 460 702 nulli
480 655 634 724 umquam
655 629 782 723 plebeio
805 633 845 702 od
868 654 944 699 enm
955 630 1110 707 honorem
1134 631 1196 698 adi-

90 745 151 802 tus
175 734 284 806 fuerit:
305 734 442 804 multum
463 737 638 828 providisse
660 760 738 806 suos
759 736 895 807 maiores
918 735 973 826 qui
994 735 1134 803 caverint
1154 759 1196 803 ne

89 839 150 908 oui
173 839 302 932 patricio
324 839 431 931 plebei
452 842 652 934 magistratus
672 851 819 934 poterent
833 879 877 892 -
898 851 952 909 sut
972 839 1121 932 patricios
1141 837 1226 914 bus

89 943 224 1014 bendos
250 944 347 1013 fuisse
366 944 517 1019 ¹tribunos
544 946 645 1038 plebi:
684 947 766 1016 adeo
794 970 830 1016 se
857 945 923 1018 suis
949 944 1046 1014 etism
1066 944 1195 1013 sordere

90 1073 160 1118 nee
183 1074 202 1116 a
225 1050 318 1142 plebe
339 1049 444 1118 minus
466 1073 565 1142 quarn
586 1052 765 1146 apauibus
779 1049 950 1120 contemni.
987 1049 1040 1117 olii
1061 1071 1195 1140 pingere

91 1153 238 1245 plebem
258 1153 387 1246 culpam
408 1155 441 1226 in
462 1168 568 1248 putres
583 1169 723 1228 vertere:
746 1181 858 1228 eorum
870 1154 1042 1230 ambitione
1065 1153 1196 1222 ortibus-

92 1282 162 1350 que
184 1259 253 1330 fieri
273 1271 310 1328 ut
332 1259 522 1352 obsaeptum
543 1263 631 1354 plobi
652 1263 694 1332 sit
714 1263 756 1332 ad
777 1261 935 1332 honorem
956 1259 1031 1327 iter:
1060 1256 1088 1324 si
1109 1255 1196 1348 plebi

91 1365 251 1456 respirare
271 1364 313 1433 ab
335 1389 448 1434 eorum
469 1367 576 1438 mixtis
597 1367 745 1460 precibus
767 1365 924 1458 minisque
945 1363 1053 1448 licent,
1074 1383 1194 1430 memo·
1208 1380 1243 1438 to

91 1491 418 1552 rem,eu1nsuorum
445 1470 593 1542 initurum
619 1471 767 1563 suffragiu
793 1495 865 1540 esse
893 1482 927 1540 et
952 1480 1044 1559 parto
1078 1465 1195 1534 auxilio

91 1573 266 1664 imperium
291 1597 423 1666 quoque
451 1575 653 1646 adscitumm.
690 1575 797 1668 placet
821 1574 983 1646 tollendae
1015 1569 1196 1640 ambitionis

92 1702 192 1748 causa
213 1677 357 1748 tribunos
378 1678 485 1769 legem
505 1679 707 1772 promulgare
728 1705 771 1750 ne
792 1680 843 1748 oui
859 1677 968 1748 album
981 1677 1015 1746 in
1027 1676 1196 1745 vestimen·

91 1791 165 1857 tum
186 1783 304 1854 addere
325 1781 485 1875 petitionis
506 1783 617 1856 liceret
639 1783 749 1856 causog
780 1808 879 1876 parva
906 1805 992 1856 nunc
1012 1804 1064 1850 res
1087 1790 1120 1848 et
1141 1777 1195 1846 vix

91 1885 178 1956 serio
199 1887 323 1978 agenda
343 1886 443 1957 videri
463 1888 579 1980 possit,
606 1915 689 1983 quse
710 1900 788 1958 tunc
809 1887 928 1982 ingenti
948 1883 1121 1985 certamino
1141 1906 1195 1973 pu
1209 1900 1242 1958 tt

90 2001 159 2059 tres
179 2015 218 2060 so
238 1991 368 2084 plebem
382 1993 536 2065 accendit.
572 1995 678 2066 vicere
691 2007 800 2064 umen
819 1993 937 2064 tribuni
956 2003 995 2061 ut
1006 1990 1194 2086 legeniper·

91 2094 226 2181 ferrent,
253 2097 490 2192 apparebatque
511 2099 643 2170 imitatis
670 2099 783 2169 animis
812 2100 946 2193 plebem
965 2097 1007 2166 sd
1032 2119 1109 2164 suos
1131 2095 1194 2162 sru-

92 2199 145 2270 dia
165 2201 398 2284 inclinaturam,
433 2229 518 2296 quse
540 2229 582 2274 ne
602 2205 701 2286 libera
723 2217 840 2289 essent,
861 2213 990 2274 senatus
1012 2199 1195 2274 consultum

90 2303 212 2374 [sotum
232 2317 282 2376 est
303 2318 340 2376 ut
360 2310 540 2378 consularia
561 2309 689 2380 comitia
709 2309 912 2380 haberentur.

178 2409 298 2479 XXVI.
341 2411 514 2498 Tumultus
537 2437 633 2482 causa
653 2412 714 2483 fuit
736 2439 835 2506 quem
857 2413 898 2482 ab
920 2410 1040 2502 Aequis
1064 2423 1097 2480 et
1118 2410 1193 2480 Vol·
1206 2411 1259 2478 ω’

51 2579 55 2586 .
91 2513 154 2582 scis
182 2509 285 2582 Latini
317 2526 414 2608 atque
441 2516 570 2586 Hemioi
602 2518 794 2586 nuntiarant.
839 2517 881 2585 Τ.
909 2517 1058 2604 Quintius
1089 2550 1128 2564 -
1157 2513 1192 2579 L.

108 2727 135 2782 5.
150 2700 621 2806 plebeimagistrotusrpbi]ple·'
659 2783 662 2790 Δ
739 2727 777 2784 tis
794 2725 912 2791 ostend
924 2725 1018 2786 udum
1029 2743 1066 2786 ιιι.
1079 2725 1104 2780 1.
1118 2720 1192 2778 addi·
1320 2742 1324 2750 ·

151 2811 207 2869 beii
225 2832 292 2890 mog.
305 2847 339 2856 -
355 2812 396 2872 M:
414 2824 461 2874 ent
477 2815 607 2894 patricios
739 2808 1192 2872 tumsstslternmre.—i1=licst.

151 2897 290 2957 habendos
299 2900 382 2959 inisse
391 2903 515 2962 tribunos
525 2901 606 2982 plebi.
737 2895 812 2959 Noni
826 2900 909 2959 lice’t
924 2901 951 2960 h.
970 2921 995 2960 e.
1012 2897 1132 2960 liceret?
1156 2925 1191 2938 -

152 2986 187 3045 P:
214 2986 287 3046 bend
312 2990 442 3068 patricios
466 2989 605 3047 habendos
736 2987 811 3048 Pu.
826 2993 863 3058 ¹6
882 2987 1069 3046 simmam.
1085 2982 1126 3042 tt:
1144 2979 1190 3039 ud·

152 3074 240 3134 tunes
262 3079 315 3148 (m.
334 3079 374 3137 Ἅι
398 3074 496 3148 fnisse)
519 3077 602 3134 tribu·
736 3081 841 3136 suturis
854 3069 1191 3156 quemqurmm1.fnisse

151 3180 201 3218 nos
218 3162 301 3242 plebi.
313 3194 349 3208 -
363 3164 489 3242 Sigonius
506 3167 535 3222 in
552 3181 603 3222 sno
735 3165 842 3224 videtur
854 3163 897 3223 vel
908 3161 1065 3224 adeamus
1081 3156 1125 3218 rel
1136 3157 1189 3214 od·
1235 3243 1237 3245 Ι

149 3248 221 3305 libro
229 3250 301 3327 quod
308 3252 603 3328 interpretationisoon-
734 3255 860 3312 scituri.
945 3247 947 3256 ¹

148 3338 316 3414 suscriptum
329 3339 496 3394 erstinrenit
513 3336 603 3405 „alio-
674 3339 718 3400 13.
735 3341 838 3398 album
858 3341 890 3398 ιἰι
911 3339 1117 3398 uestimentum
1135 3330 1199 3388 aa:

149 3422 214 3500 quin
231 3424 359 3498 patricios
367 3427 385 3490 ,“
405 3432 456 3482 oet.
490 3422 601 3482 Utrum·
734 3426 807 3492 ders
813 3425 966 3502 petitionis
975 3423 1189 3502 licuetcousos

148 3527 201 3588 qus
217 3509 247 3566 in
260 3505 382 3571 Pristn.
399 3509 484 3570 fuisse
501 3510 601 3570 dicitur
732 3511 784 3572 ΡΜ
808 3510 883 3572 Heri,
900 3530 920 3570 ι.
941 3507 976 3569 el.
1000 3537 1036 3553 ·-
1061 3501 1187 3568 flavum

149 3605 220 3665 „sut
236 3595 354 3674 alioquin
365 3599 495 3675 patricios
501 3601 519 3632 “
536 3606 588 3658 eet.
730 3597 820 3662 licen
1025 3611 1029 3636 ¹

106 3686 131 3740 7.
148 3703 202 3740 nec
218 3703 239 3740 a
253 3685 340 3761 plebe
354 3686 453 3742 minus
471 3703 562 3762 quom
579 3703 600 3746 a
671 3687 715 3747 18.
733 3707 758 3746 s.
776 3706 801 3746 c.
818 3704 857 3746 m.
872 3683 994 3760 sactum
1014 3690 1075 3741 est:
1092 3679 1127 3744 Μ.
1152 3709 1186 3724 ··

145 3772 280 3846 patribus
304 3773 463 3831 contemni-.-
484 3770 541 3832 nn.
563 3801 600 3818 -
731 3771 767 3830 Pr
794 3792 818 3832 s.
838 3791 875 3833 ιιι.
897 3795 921 3834 o.
947 3772 1048 3833 festum
1071 3777 1125 3827 est.
1151 3799 1186 3812 -·

147 3855 224 3917 [Fr.
237 3857 335 3918 Goon:
353 3880 407 3918 nec
424 3860 600 3936 odpkbem,
729 3858 819 3936 Lips.:
837 3863 924 3919 sensti
941 3858 1101 3919 consultum.

88 3945 130 4004 ’9.
147 3954 180 4002 ut
202 3945 372 4019 obsaeptum
390 3949 473 4024 plebi
493 3949 534 4006 sit
556 3948 601 4006 od
669 3947 713 4008 21.
731 3949 834 4010 Latini
848 3959 939 4027 atque
950 3947 1086 4006 Hernici:
1102 3941 1138 4002 bl.
1152 3971 1185 3982 ·-

146 4029 289 4091 bonorem
299 4034 371 4092 iter.-
387 4033 445 4112 ΡΜ.
463 4065 499 4078 -
515 4033 555 4092 M:
572 4036 599 4093 si
731 4035 766 4094 Pr
784 4035 862 4094 utini
880 4045 961 4112 utque
977 4031 1089 4092 bercini.

145 4116 218 4197 plebi
236 4121 339 4197 respiro
354 4123 360 4195 Ι
375 4121 409 4180 ab
425 4141 518 4182 eorum
530 4123 598 4182 mix·
678 4153 712 4166 ··
734 4123 767 4184 T.
792 4122 932 4202 Quintius
953 4122 987 4181 L.
1005 4118 1104 4195 filius·
1118 4115 1182 4172 Cio
