<?xml version="1.0" encoding="UTF-8"?>
<!DOCTYPE html PUBLIC "-//W3C//DTD XHTML 1.0 Transitional//EN"
    "http://www.w3.org/TR/xhtml1/DTD/xhtml1-transitional.dtd">
<html xmlns="http://www.w3.org/1999/xhtml" xml:lang="en" lang="en">
 <head>
  <title>
</title>
<meta http-equiv="Content-Type" content="text/html;charset=utf-8" />
  <meta name='ocr-system' content='tesseract 3.04.00' />
  <meta name='ocr-capabilities' content='ocr_page ocr_carea ocr_par ocr_line ocrx_word'/>
</head>
<body>
  <div class='ocr_page' id='page_1' title='image "./titilivirerumro02alscgoog_0451.png"; bbox 0 0 2756 4720; ppageno 0'>
   <div class='ocr_carea' id='block_1_1' title="bbox 230 249 864 378">
    <p class='ocr_par' dir='ltr' id='par_1_1' title="bbox 230 249 864 378">
     <span class='ocr_line' id='line_1_1' title="bbox 230 249 864 378; baseline -0.013 0"><span class='ocrx_word' id='word_1_1' title='bbox 230 307 295 378; x_wconf 75' lang='lat' dir='ltr'><strong>tao</strong></span> <span class='ocrx_word' id='word_1_2' title='bbox 494 249 498 258; x_wconf 28' lang='lat'><strong>⁴</strong></span> <span class='ocrx_word' id='word_1_3' title='bbox 694 309 802 372; x_wconf 76' lang='lat' dir='ltr'><strong>unns</strong></span> <span class='ocrx_word' id='word_1_4' title='bbox 819 281 864 370; x_wconf 88' lang='lat' dir='ltr'><strong>iv.</strong></span> 
     </span>
    </p>
   </div>
   <div class='ocr_carea' id='block_1_2' title="bbox 183 445 1356 2036">
    <p class='ocr_par' dir='ltr' id='par_1_2' title="bbox 211 445 1356 881">
     <span class='ocr_line' id='line_1_2' title="bbox 211 445 1356 566; baseline -0.008 -14"><span class='ocrx_word' id='word_1_5' title='bbox 211 445 219 468; x_wconf 42' lang='grc' dir='ltr'><strong><em>Ι</em></strong></span> <span class='ocrx_word' id='word_1_6' title='bbox 232 483 370 553; x_wconf 81' lang='lat' dir='ltr'><strong>diximus</strong></span> <span class='ocrx_word' id='word_1_7' title='bbox 392 477 495 546; x_wconf 75' lang='lat' dir='ltr'><strong>idstrus</strong></span> <span class='ocrx_word' id='word_1_8' title='bbox 509 473 741 544; x_wconf 78' lang='lat' dir='ltr'>Decembribus</span> <span class='ocrx_word' id='word_1_9' title='bbox 762 473 978 564; x_wconf 74' lang='lat' dir='ltr'><strong>magistratum</strong></span> <span class='ocrx_word' id='word_1_10' title='bbox 993 497 1161 566; x_wconf 87' lang='lat' dir='ltr'><strong>occepere.</strong></span> <span class='ocrx_word' id='word_1_11' title='bbox 1191 475 1283 558; x_wconf 81' lang='lat' dir='ltr'><strong>iam</strong></span> <span class='ocrx_word' id='word_1_12' title='bbox 1298 475 1356 546; x_wconf 84' lang='lat' dir='ltr'><strong>&#39;nor</strong></span> 
     </span>
     <span class='ocr_line' id='line_1_3' title="bbox 230 578 1356 675; baseline -0.007 -19"><span class='ocrx_word' id='word_1_13' title='bbox 230 589 336 658; x_wconf 89' lang='lat' dir='ltr'><strong>solum</strong></span> <span class='ocrx_word' id='word_1_14' title='bbox 358 584 412 675; x_wconf 86' lang='lat' dir='ltr'><strong>qui</strong></span> <span class='ocrx_word' id='word_1_15' title='bbox 438 582 479 672; x_wconf 80' lang='lat' dir='ltr'><strong>ad</strong></span> <span class='ocrx_word' id='word_1_16' title='bbox 506 580 539 648; x_wconf 92' lang='lat' dir='ltr'><strong>id</strong></span> <span class='ocrx_word' id='word_1_17' title='bbox 565 578 652 648; x_wconf 84' lang='lat' dir='ltr'><strong>nrissi</strong></span> <span class='ocrx_word' id='word_1_18' title='bbox 681 589 771 646; x_wconf 89' lang='lat' dir='ltr'><strong>erant</strong></span> <span class='ocrx_word' id='word_1_19' title='bbox 797 578 969 650; x_wconf 77' lang='lat' dir='ltr'>retulerant</span> <span class='ocrx_word' id='word_1_20' title='bbox 995 579 1150 650; x_wconf 80' lang='lat' dir='ltr'>inminere</span> <span class='ocrx_word' id='word_1_21' title='bbox 1176 580 1356 648; x_wconf 80' lang='lat' dir='ltr'><strong>Volscum</strong></span> 
     </span>
     <span class='ocr_line' id='line_1_4' title="bbox 230 681 1356 776; baseline -0.005 -17"><span class='ocrx_word' id='word_1_22' title='bbox 230 693 361 773; x_wconf 85' lang='lat' dir='ltr'><strong>bellum,</strong></span> <span class='ocrx_word' id='word_1_23' title='bbox 381 689 439 758; x_wconf 86' lang='lat' dir='ltr'><strong>sed</strong></span> <span class='ocrx_word' id='word_1_24' title='bbox 460 685 556 776; x_wconf 77' lang='lat' dir='ltr'><strong>legati</strong></span> <span class='ocrx_word' id='word_1_25' title='bbox 578 707 708 774; x_wconf 83' lang='lat' dir='ltr'><strong>quoqrre</strong></span> <span class='ocrx_word' id='word_1_26' title='bbox 729 682 770 750; x_wconf 83' lang='lat' dir='ltr'><strong>ab</strong></span> <span class='ocrx_word' id='word_1_27' title='bbox 786 681 905 752; x_wconf 74' lang='lat' dir='ltr'><strong>Latius</strong></span> <span class='ocrx_word' id='word_1_28' title='bbox 928 695 963 752; x_wconf 84' lang='lat' dir='ltr'><strong>et</strong></span> <span class='ocrx_word' id='word_1_29' title='bbox 974 683 1119 754; x_wconf 86' lang='lat' dir='ltr'><strong>Hernicis</strong></span> <span class='ocrx_word' id='word_1_30' title='bbox 1141 685 1356 754; x_wconf 86' lang='lat' dir='ltr'><strong>nuntiabant</strong></span> 
     </span>
     <span class='ocr_line' id='line_1_5' title="bbox 230 783 1356 881; baseline -0.004 -17"><span class='ocrx_word' id='word_1_31' title='bbox 230 822 297 866; x_wconf 88' lang='lat' dir='ltr'><strong>non</strong></span> <span class='ocrx_word' id='word_1_32' title='bbox 319 804 392 862; x_wconf 88' lang='lat' dir='ltr'><strong>ante</strong></span> <span class='ocrx_word' id='word_1_33' title='bbox 414 805 568 881; x_wconf 87' lang='lat' dir='ltr'><strong>umquam</strong></span> <span class='ocrx_word' id='word_1_34' title='bbox 589 783 727 856; x_wconf 83' lang='lat' dir='ltr'><strong>Volscos</strong></span> <span class='ocrx_word' id='word_1_35' title='bbox 748 809 809 856; x_wconf 87' lang='lat' dir='ltr'><strong>nec</strong></span> <span class='ocrx_word' id='word_1_36' title='bbox 830 783 963 864; x_wconf 84' lang='lat' dir='ltr'><strong>ducibus</strong></span> <span class='ocrx_word' id='word_1_37' title='bbox 989 788 1132 880; x_wconf 82' lang='lat' dir='ltr'><strong>legendis</strong></span> <span class='ocrx_word' id='word_1_38' title='bbox 1154 813 1235 859; x_wconf 85' lang='lat' dir='ltr'><strong>nec</strong></span> <span class='ocrx_word' id='word_1_39' title='bbox 1269 815 1356 860; x_wconf 79' lang='lat' dir='ltr'><strong>exer·</strong></span> 
     </span>
    </p>

    <p class='ocr_par' dir='ltr' id='par_1_3' title="bbox 194 891 1355 1406">
     <span class='ocr_line' id='line_1_6' title="bbox 194 891 1355 993; baseline -0.01 -19"><span class='ocrx_word' id='word_1_40' title='bbox 194 901 305 974; x_wconf 80' lang='lat' dir='ltr'><strong>teitni</strong></span> <span class='ocrx_word' id='word_1_41' title='bbox 325 897 492 969; x_wconf 88' lang='lat' dir='ltr'><strong>scribendo</strong></span> <span class='ocrx_word' id='word_1_42' title='bbox 514 893 696 964; x_wconf 71' lang='lat' dir='ltr'><strong>intentiores</strong></span> <span class='ocrx_word' id='word_1_43' title='bbox 717 891 831 962; x_wconf 81' lang='lat' dir='ltr'><strong>luisse:</strong></span> <span class='ocrx_word' id='word_1_44' title='bbox 852 892 1106 993; x_wconf 23' lang='lat' dir='ltr'><strong>vulgo&#39;lremere</strong></span> <span class='ocrx_word' id='word_1_45' title='bbox 1123 907 1186 964; x_wconf 82' lang='lat' dir='ltr'><strong>aut</strong></span> <span class='ocrx_word' id='word_1_46' title='bbox 1214 896 1258 962; x_wconf 88' lang='lat' dir='ltr'><strong>in</strong></span> <span class='ocrx_word' id='word_1_47' title='bbox 1287 921 1355 988; x_wconf 82' lang='lat' dir='ltr'><strong>per-</strong></span> 
     </span>
     <span class='ocr_line' id='line_1_7' title="bbox 230 997 1353 1098; baseline -0.002 -26"><span class='ocrx_word' id='word_1_48' title='bbox 230 1017 364 1098; x_wconf 89' lang='lat' dir='ltr'><strong>petuum</strong></span> <span class='ocrx_word' id='word_1_49' title='bbox 386 1025 474 1070; x_wconf 85' lang='lat' dir='ltr'><strong>anna</strong></span> <span class='ocrx_word' id='word_1_50' title='bbox 488 999 672 1089; x_wconf 83' lang='lat' dir='ltr'><strong>bellumque</strong></span> <span class='ocrx_word' id='word_1_51' title='bbox 694 997 845 1068; x_wconf 87' lang='lat' dir='ltr'><strong>oblivioni</strong></span> <span class='ocrx_word' id='word_1_52' title='bbox 866 999 969 1068; x_wconf 88' lang='lat' dir='ltr'><strong>danda</strong></span> <span class='ocrx_word' id='word_1_53' title='bbox 984 997 1159 1090; x_wconf 77' lang='lat' dir='ltr'><strong>iugumque</strong></span> <span class='ocrx_word' id='word_1_54' title='bbox 1175 1001 1353 1092; x_wconf 84' lang='lat' dir='ltr'><strong>accipien-</strong></span> 
     </span>
     <span class='ocr_line' id='line_1_8' title="bbox 231 1102 1349 1196; baseline -0.005 -16"><span class='ocrx_word' id='word_1_55' title='bbox 231 1113 322 1192; x_wconf 90' lang='lat' dir='ltr'><strong>dum,</strong></span> <span class='ocrx_word' id='word_1_56' title='bbox 349 1106 474 1176; x_wconf 82' lang='lat' dir='ltr'><strong>nothis</strong></span> <span class='ocrx_word' id='word_1_57' title='bbox 502 1127 577 1174; x_wconf 90' lang='lat' dir='ltr'><strong>cum</strong></span> <span class='ocrx_word' id='word_1_58' title='bbox 604 1102 719 1192; x_wconf 86' lang='lat' dir='ltr'><strong>quibus</strong></span> <span class='ocrx_word' id='word_1_59' title='bbox 746 1103 786 1172; x_wconf 88' lang='lat' dir='ltr'><strong>de</strong></span> <span class='ocrx_word' id='word_1_60' title='bbox 814 1103 947 1196; x_wconf 87' lang='lat' dir='ltr'><strong>imperio</strong></span> <span class='ocrx_word' id='word_1_61' title='bbox 970 1115 1108 1174; x_wconf 74' lang='lat' dir='ltr'><strong>certetur</strong></span> <span class='ocrx_word' id='word_1_62' title='bbox 1128 1129 1197 1173; x_wconf 88' lang='lat' dir='ltr'><strong>nec</strong></span> <span class='ocrx_word' id='word_1_63' title='bbox 1225 1105 1349 1174; x_wconf 81' lang='lat' dir='ltr'><strong>virtute</strong></span> 
     </span>
     <span class='ocr_line' id='line_1_9' title="bbox 231 1199 1348 1304; baseline -0.004 -22"><span class='ocrx_word' id='word_1_64' title='bbox 231 1239 292 1284; x_wconf 90' lang='lat' dir='ltr'><strong>nec</strong></span> <span class='ocrx_word' id='word_1_65' title='bbox 324 1209 474 1304; x_wconf 83' lang='lat' dir='ltr'><strong>patientia</strong></span> <span class='ocrx_word' id='word_1_66' title='bbox 507 1232 568 1276; x_wconf 87' lang='lat' dir='ltr'><strong>neo</strong></span> <span class='ocrx_word' id='word_1_67' title='bbox 595 1207 758 1300; x_wconf 86' lang='lat' dir='ltr'><strong>disciplina</strong></span> <span class='ocrx_word' id='word_1_68' title='bbox 786 1209 832 1278; x_wconf 88' lang='lat' dir='ltr'><strong>rei</strong></span> <span class='ocrx_word' id='word_1_69' title='bbox 864 1205 1006 1278; x_wconf 83' lang='lat' dir='ltr'><strong>militaris</strong></span> <span class='ocrx_word' id='word_1_70' title='bbox 1034 1199 1228 1277; x_wconf 87' lang='lat' dir='ltr'><strong>cedendum</strong></span> <span class='ocrx_word' id='word_1_71' title='bbox 1267 1235 1348 1278; x_wconf 85' lang='lat' dir='ltr'><strong>esse.</strong></span> 
     </span>
     <span class='ocr_line' id='line_1_10' title="bbox 232 1312 1347 1406; baseline -0.001 -20"><span class='ocrx_word' id='word_1_72' title='bbox 232 1320 310 1386; x_wconf 86' lang='lat' dir='ltr'><strong>haut</strong></span> <span class='ocrx_word' id='word_1_73' title='bbox 337 1312 432 1384; x_wconf 83' lang='lat' dir='ltr'><strong>vane&#39;</strong></span> <span class='ocrx_word' id='word_1_74' title='bbox 448 1314 604 1396; x_wconf 88' lang='lat' dir='ltr'><strong>adtulere‚</strong></span> <span class='ocrx_word' id='word_1_75' title='bbox 636 1313 695 1380; x_wconf 92' lang='lat' dir='ltr'><strong>sed</strong></span> <span class='ocrx_word' id='word_1_76' title='bbox 720 1335 782 1381; x_wconf 88' lang='lat' dir='ltr'><strong>nee</strong></span> <span class='ocrx_word' id='word_1_77' title='bbox 808 1313 939 1406; x_wconf 83' lang='lat' dir='ltr'><strong>perinde</strong></span> <span class='ocrx_word' id='word_1_78' title='bbox 966 1323 1071 1404; x_wconf 85' lang='lat' dir='ltr'><strong>potres</strong></span> <span class='ocrx_word' id='word_1_79' title='bbox 1097 1315 1181 1384; x_wconf 86' lang='lat' dir='ltr'><strong>moti</strong></span> <span class='ocrx_word' id='word_1_80' title='bbox 1208 1327 1347 1385; x_wconf 84' lang='lat' dir='ltr'><strong>suntet</strong></span> 
     </span>
    </p>

    <p class='ocr_par' dir='ltr' id='par_1_4' title="bbox 183 1416 1344 2036">
     <span class='ocr_line' id='line_1_11' title="bbox 183 1416 1344 1513; baseline -0.002 -23"><span class='ocrx_word' id='word_1_81' title='bbox 183 1443 218 1498; x_wconf 89' lang='lat'><strong>10</strong></span> <span class='ocrx_word' id='word_1_82' title='bbox 231 1423 268 1490; x_wconf 85' lang='lat' dir='ltr'><strong>C.</strong></span> <span class='ocrx_word' id='word_1_83' title='bbox 290 1419 499 1512; x_wconf 86' lang='lat' dir='ltr'><strong>Sempronius</strong></span> <span class='ocrx_word' id='word_1_84' title='bbox 514 1455 558 1470; x_wconf 89' lang='lat'>-</span> <span class='ocrx_word' id='word_1_85' title='bbox 573 1416 625 1488; x_wconf 89' lang='lat' dir='ltr'><strong>cui</strong></span> <span class='ocrx_word' id='word_1_86' title='bbox 646 1442 684 1486; x_wconf 87' lang='lat' dir='ltr'><strong>ea</strong></span> <span class='ocrx_word' id='word_1_87' title='bbox 696 1416 965 1508; x_wconf 79' lang='lat' dir='ltr'><strong>provinciasorti</strong></span> <span class='ocrx_word' id='word_1_88' title='bbox 987 1417 1147 1486; x_wconf 82' lang='lat' dir='ltr'><strong>evenit-</strong></span> <span class='ocrx_word' id='word_1_89' title='bbox 1162 1431 1344 1513; x_wconf 79' lang='lat' dir='ltr'><strong>tamquam</strong></span> 
     </span>
     <span class='ocr_line' id='line_1_12' title="bbox 231 1521 1343 1616; baseline -0.003 -21"><span class='ocrx_word' id='word_1_90' title='bbox 231 1524 505 1596; x_wconf 79' lang='lat' dir='ltr'><strong>constantissimae</strong></span> <span class='ocrx_word' id='word_1_91' title='bbox 526 1521 573 1591; x_wconf 90' lang='lat' dir='ltr'><strong>rei</strong></span> <span class='ocrx_word' id='word_1_92' title='bbox 594 1523 739 1592; x_wconf 82' lang='lat' dir='ltr'><strong>fortunae</strong></span> <span class='ocrx_word' id='word_1_93' title='bbox 760 1521 859 1592; x_wconf 82' lang='lat' dir='ltr'><strong>fretus</strong></span> <span class='ocrx_word' id='word_1_94' title='bbox 882 1523 970 1613; x_wconf 85' lang='lat' dir='ltr'><strong>quod</strong></span> <span class='ocrx_word' id='word_1_95' title='bbox 990 1522 1118 1592; x_wconf 70' lang='lat' dir='ltr'><strong>uictoris</strong></span> <span class='ocrx_word' id='word_1_96' title='bbox 1143 1526 1274 1616; x_wconf 87' lang='lat' dir='ltr'><strong>populi</strong></span> <span class='ocrx_word' id='word_1_97' title='bbox 1297 1526 1343 1592; x_wconf 85' lang='lat' dir='ltr'><strong>ad</strong></span> 
     </span>
     <span class='ocr_line' id='line_1_13' title="bbox 233 1627 1341 1728; baseline -0.005 -25"><span class='ocrx_word' id='word_1_98' title='bbox 233 1654 345 1702; x_wconf 84' lang='lat' dir='ltr'><strong>versus</strong></span> <span class='ocrx_word' id='word_1_99' title='bbox 366 1629 469 1698; x_wconf 88' lang='lat' dir='ltr'><strong>victos</strong></span> <span class='ocrx_word' id='word_1_100' title='bbox 491 1627 557 1696; x_wconf 85' lang='lat' dir='ltr'><strong>dux</strong></span> <span class='ocrx_word' id='word_1_101' title='bbox 580 1639 679 1728; x_wconf 68' lang='lat' dir='ltr'><strong>repet,</strong></span> <span class='ocrx_word' id='word_1_102' title='bbox 706 1627 812 1697; x_wconf 89' lang='lat' dir='ltr'><strong>omnia</strong></span> <span class='ocrx_word' id='word_1_103' title='bbox 833 1638 954 1698; x_wconf 87' lang='lat' dir='ltr'><strong>temere</strong></span> <span class='ocrx_word' id='word_1_104' title='bbox 971 1653 1010 1698; x_wconf 85' lang='lat' dir='ltr'><strong>ae</strong></span> <span class='ocrx_word' id='word_1_105' title='bbox 1030 1628 1248 1720; x_wconf 83' lang='lat' dir='ltr'><strong>neglegenter</strong></span> <span class='ocrx_word' id='word_1_106' title='bbox 1273 1631 1341 1722; x_wconf 75' lang='lat' dir='ltr'><strong>egit</strong></span> 
     </span>
     <span class='ocr_line' id='line_1_14' title="bbox 230 1732 1338 1825; baseline -0.004 -19"><span class='ocrx_word' id='word_1_107' title='bbox 230 1737 312 1808; x_wconf 88' lang='lat' dir='ltr'><strong>adeo</strong></span> <span class='ocrx_word' id='word_1_108' title='bbox 326 1748 364 1805; x_wconf 88' lang='lat' dir='ltr'><strong>ut</strong></span> <span class='ocrx_word' id='word_1_109' title='bbox 377 1732 559 1825; x_wconf 83' lang='lat' dir='ltr'><strong>disciplinae</strong></span> <span class='ocrx_word' id='word_1_110' title='bbox 575 1732 739 1802; x_wconf 77' lang='lat' dir='ltr'><strong>Romanae</strong></span> <span class='ocrx_word' id='word_1_111' title='bbox 754 1733 827 1824; x_wconf 88' lang='lat' dir='ltr'><strong>plus</strong></span> <span class='ocrx_word' id='word_1_112' title='bbox 848 1733 881 1801; x_wconf 93' lang='lat' dir='ltr'><strong>in</strong></span> <span class='ocrx_word' id='word_1_113' title='bbox 893 1732 1014 1804; x_wconf 86' lang='lat' dir='ltr'><strong>Volsco</strong></span> <span class='ocrx_word' id='word_1_114' title='bbox 1030 1734 1172 1802; x_wconf 83' lang='lat' dir='ltr'><strong>exercitu</strong></span> <span class='ocrx_word' id='word_1_115' title='bbox 1186 1735 1338 1824; x_wconf 84' lang='lat' dir='ltr'><strong>quarnir</strong></span> 
     </span>
     <span class='ocr_line' id='line_1_15' title="bbox 229 1836 1337 1930; baseline -0.003 -19"><span class='ocrx_word' id='word_1_116' title='bbox 229 1843 376 1911; x_wconf 87' lang='lat' dir='ltr'><strong>Romano</strong></span> <span class='ocrx_word' id='word_1_117' title='bbox 393 1849 487 1910; x_wconf 89' lang='lat' dir='ltr'><strong>esset.</strong></span> <span class='ocrx_word' id='word_1_118' title='bbox 525 1861 600 1928; x_wconf 83' lang='lat' dir='ltr'><strong>ergo</strong></span> <span class='ocrx_word' id='word_1_119' title='bbox 621 1836 749 1908; x_wconf 81' lang='lat' dir='ltr'><strong>foruna</strong></span> <span class='ocrx_word' id='word_1_120' title='bbox 770 1848 808 1904; x_wconf 90' lang='lat' dir='ltr'><strong>ut</strong></span> <span class='ocrx_word' id='word_1_121' title='bbox 825 1861 921 1930; x_wconf 86' lang='lat' dir='ltr'><strong>saepe</strong></span> <span class='ocrx_word' id='word_1_122' title='bbox 942 1838 1018 1906; x_wconf 89' lang='lat' dir='ltr'><strong>alias</strong></span> <span class='ocrx_word' id='word_1_123' title='bbox 1040 1837 1193 1908; x_wconf 87' lang='lat' dir='ltr'><strong>virtutem</strong></span> <span class='ocrx_word' id='word_1_124' title='bbox 1217 1851 1276 1910; x_wconf 84' lang='lat' dir='ltr'><strong>est</strong></span> <span class='ocrx_word' id='word_1_125' title='bbox 1297 1865 1337 1908; x_wconf 81' lang='lat' dir='ltr'><strong>se</strong></span> 
     </span>
     <span class='ocr_line' id='line_1_16' title="bbox 183 1942 1333 2036; baseline -0.003 -18"><span class='ocrx_word' id='word_1_126' title='bbox 183 1963 218 2018; x_wconf 78' lang='lat'><strong>15</strong></span> <span class='ocrx_word' id='word_1_127' title='bbox 231 1957 314 2030; x_wconf 84' lang='lat' dir='ltr'><strong>cute.</strong></span> <span class='ocrx_word' id='word_1_128' title='bbox 353 1945 457 2036; x_wconf 87' lang='lat' dir='ltr'><strong>primo</strong></span> <span class='ocrx_word' id='word_1_129' title='bbox 479 1943 617 2035; x_wconf 84' lang='lat' dir='ltr'><strong>proelio,</strong></span> <span class='ocrx_word' id='word_1_130' title='bbox 640 1943 727 2034; x_wconf 86' lang='lat' dir='ltr'><strong>quod</strong></span> <span class='ocrx_word' id='word_1_131' title='bbox 749 1943 790 2013; x_wconf 90' lang='lat' dir='ltr'><strong>ab</strong></span> <span class='ocrx_word' id='word_1_132' title='bbox 810 1943 1000 2034; x_wconf 87' lang='lat' dir='ltr'><strong>Sempronio</strong></span> <span class='ocrx_word' id='word_1_133' title='bbox 1025 1943 1151 2012; x_wconf 87' lang='lat' dir='ltr'><strong>incaute</strong></span> <span class='ocrx_word' id='word_1_134' title='bbox 1171 1942 1333 2016; x_wconf 85' lang='lat' dir='ltr'><strong>inconsol</strong></span> 
     </span>
    </p>
   </div>
   <div class='ocr_carea' id='block_1_3' title="bbox 291 2073 1330 2146">
    <p class='ocr_par' dir='ltr' id='par_1_5' title="bbox 291 2073 1330 2146">
     <span class='ocr_line' id='line_1_17' title="bbox 291 2073 1330 2146; baseline 0 -11"><span class='ocrx_word' id='word_1_135' title='bbox 291 2078 321 2137; x_wconf 86' lang='lat' dir='ltr'><strong>ii.</strong></span> <span class='ocrx_word' id='word_1_136' title='bbox 339 2075 413 2136; x_wconf 91' lang='grc'><strong>-1.</strong></span> <span class='ocrx_word' id='word_1_137' title='bbox 431 2073 476 2134; x_wconf 85' lang='lat' dir='ltr'><strong>Fr.</strong></span> <span class='ocrx_word' id='word_1_138' title='bbox 489 2073 575 2146; x_wconf 71' lang='lat' dir='ltr'><strong>Geor.</strong></span> <span class='ocrx_word' id='word_1_139' title='bbox 593 2073 675 2132; x_wconf 80' lang='lat' dir='ltr'><strong>verbe</strong></span> <span class='ocrx_word' id='word_1_140' title='bbox 692 2073 742 2132; x_wconf 78' lang='lat' dir='ltr'><strong>Isis</strong></span> <span class='ocrx_word' id='word_1_141' title='bbox 875 2077 936 2132; x_wconf 80' lang='lat' dir='ltr'><strong>nit:</strong></span> <span class='ocrx_word' id='word_1_142' title='bbox 961 2073 1023 2132; x_wconf 76' lang='lat' dir='ltr'><strong>PM·</strong></span> <span class='ocrx_word' id='word_1_143' title='bbox 1037 2075 1098 2134; x_wconf 89' lang='lat' dir='ltr'><strong>cod.</strong></span> <span class='ocrx_word' id='word_1_144' title='bbox 1119 2073 1211 2135; x_wconf 83' lang='lat' dir='ltr'><strong>Rbeu.</strong></span> <span class='ocrx_word' id='word_1_145' title='bbox 1235 2076 1275 2136; x_wconf 82' lang='lat' dir='ltr'><strong>al.</strong></span> <span class='ocrx_word' id='word_1_146' title='bbox 1303 2107 1330 2118; x_wconf 90' lang='lat'><strong>-·</strong></span> 
     </span>
    </p>
   </div>
   <div class='ocr_carea' id='block_1_4' title="bbox 91 2160 1350 4246">
    <p class='ocr_par' dir='ltr' id='par_1_6' title="bbox 292 2160 1296 2242">
     <span class='ocr_line' id='line_1_18' title="bbox 292 2160 1296 2242; baseline 0.002 -22"><span class='ocrx_word' id='word_1_147' title='bbox 292 2164 380 2222; x_wconf 74' lang='lat' dir='ltr'><strong>rebus</strong></span> <span class='ocrx_word' id='word_1_148' title='bbox 397 2165 472 2220; x_wconf 72' lang='lat' dir='ltr'><strong>octob</strong></span> <span class='ocrx_word' id='word_1_149' title='bbox 490 2161 575 2220; x_wconf 82' lang='lat' dir='ltr'><strong>delete</strong></span> <span class='ocrx_word' id='word_1_150' title='bbox 593 2161 687 2226; x_wconf 81' lang='lat' dir='ltr'><strong>voluit.</strong></span> <span class='ocrx_word' id='word_1_151' title='bbox 874 2160 954 2224; x_wconf 77' lang='lat' dir='ltr'><strong>llaec.</strong></span> <span class='ocrx_word' id='word_1_152' title='bbox 973 2161 1082 2240; x_wconf 82' lang='lat' dir='ltr'><strong>quidem</strong></span> <span class='ocrx_word' id='word_1_153' title='bbox 1100 2162 1179 2222; x_wconf 88' lang='lat' dir='ltr'><strong>codd.</strong></span> <span class='ocrx_word' id='word_1_154' title='bbox 1199 2174 1296 2242; x_wconf 77' lang='lat' dir='ltr'><strong>sorte.</strong></span> 
     </span>
    </p>

    <p class='ocr_par' dir='ltr' id='par_1_7' title="bbox 248 2247 1330 2854">
     <span class='ocr_line' id='line_1_19' title="bbox 248 2247 1330 2326; baseline 0.005 -21"><span class='ocrx_word' id='word_1_155' title='bbox 248 2252 273 2309; x_wconf 85' lang='lat'><strong>1.</strong></span> <span class='ocrx_word' id='word_1_156' title='bbox 290 2250 391 2306; x_wconf 80' lang='lat' dir='ltr'><strong>idibus</strong></span> <span class='ocrx_word' id='word_1_157' title='bbox 421 2249 646 2306; x_wconf 80' lang='lat' dir='ltr'><strong>Decembribus.-</strong></span> <span class='ocrx_word' id='word_1_158' title='bbox 682 2247 743 2309; x_wconf 86' lang='lat' dir='ltr'><strong>rod.</strong></span> <span class='ocrx_word' id='word_1_159' title='bbox 815 2251 857 2308; x_wconf 85' lang='grc'><strong>10.</strong></span> <span class='ocrx_word' id='word_1_160' title='bbox 886 2259 1038 2326; x_wconf 81' lang='lat' dir='ltr'><strong>tamquam</strong></span> <span class='ocrx_word' id='word_1_161' title='bbox 1070 2254 1330 2324; x_wconf 57' lang='lat' dir='ltr'><strong>pommeranum</strong></span> 
     </span>
     <span class='ocr_line' id='line_1_20' title="bbox 291 2331 1327 2410; baseline 0.006 -18"><span class='ocrx_word' id='word_1_162' title='bbox 291 2334 380 2392; x_wconf 85' lang='lat' dir='ltr'><strong>Rben.</strong></span> <span class='ocrx_word' id='word_1_163' title='bbox 399 2333 432 2393; x_wconf 84' lang='lat' dir='ltr'><strong>cl.</strong></span> <span class='ocrx_word' id='word_1_164' title='bbox 450 2337 477 2404; x_wconf 85' lang='lat'><strong>5,</strong></span> <span class='ocrx_word' id='word_1_165' title='bbox 496 2336 539 2392; x_wconf 90' lang='lat'><strong>11.</strong></span> <span class='ocrx_word' id='word_1_166' title='bbox 549 2365 582 2378; x_wconf 92' lang='lat'><em>-</em></span> <span class='ocrx_word' id='word_1_167' title='bbox 595 2331 635 2390; x_wconf 84' lang='lat' dir='ltr'><strong>Ill:</strong></span> <span class='ocrx_word' id='word_1_168' title='bbox 654 2333 744 2391; x_wconf 86' lang='lat' dir='ltr'><strong>idibus</strong></span> <span class='ocrx_word' id='word_1_169' title='bbox 874 2339 920 2393; x_wconf 82' lang='lat' dir='ltr'><strong>rei</strong></span> <span class='ocrx_word' id='word_1_170' title='bbox 921 2335 1071 2410; x_wconf 77' lang='lat' dir='ltr'><strong>fortunae</strong></span> <span class='ocrx_word' id='word_1_171' title='bbox 1073 2338 1194 2410; x_wconf 82' lang='lat' dir='ltr'><strong>fretus:</strong></span> <span class='ocrx_word' id='word_1_172' title='bbox 1211 2339 1263 2396; x_wconf 99' lang='grc' dir='ltr'><strong>ΡΜ</strong></span> <span class='ocrx_word' id='word_1_173' title='bbox 1273 2339 1327 2398; x_wconf 89' lang='lat' dir='ltr'><strong>cod.</strong></span> 
     </span>
     <span class='ocr_line' id='line_1_21' title="bbox 293 2420 1325 2510; baseline 0.003 -31"><span class='ocrx_word' id='word_1_174' title='bbox 293 2420 443 2479; x_wconf 85' lang='lat' dir='ltr'><strong>decembris</strong></span> <span class='ocrx_word' id='word_1_175' title='bbox 476 2421 633 2496; x_wconf 76' lang='lat' dir='ltr'><strong>magistratio</strong></span> <span class='ocrx_word' id='word_1_176' title='bbox 665 2442 741 2499; x_wconf 19' lang='lat' dir='ltr'><strong>vacce·</strong></span> <span class='ocrx_word' id='word_1_177' title='bbox 875 2421 961 2489; x_wconf 80' lang='lat' dir='ltr'><strong>Rben&#39;.</strong></span> <span class='ocrx_word' id='word_1_178' title='bbox 980 2423 1013 2481; x_wconf 84' lang='lat' dir='ltr'><strong>al.</strong></span> <span class='ocrx_word' id='word_1_179' title='bbox 1037 2457 1071 2468; x_wconf 87' lang='lat'><em>-</em></span> <span class='ocrx_word' id='word_1_180' title='bbox 1083 2423 1219 2510; x_wconf 48' lang='lat' dir='ltr'><strong>‘Portuga</strong></span> <span class='ocrx_word' id='word_1_181' title='bbox 1237 2437 1325 2496; x_wconf 78' lang='lat' dir='ltr'><strong>„tam</strong></span> 
     </span>
     <span class='ocr_line' id='line_1_22' title="bbox 291 2507 1325 2590; baseline 0.004 -24"><span class='ocrx_word' id='word_1_182' title='bbox 291 2529 365 2590; x_wconf 88' lang='lat' dir='ltr'><strong>pere.</strong></span> <span class='ocrx_word' id='word_1_183' title='bbox 394 2507 429 2566; x_wconf 87' lang='lat' dir='ltr'><strong>P:</strong></span> <span class='ocrx_word' id='word_1_184' title='bbox 453 2507 541 2565; x_wconf 84' lang='lat' dir='ltr'><strong>idibus</strong></span> <span class='ocrx_word' id='word_1_185' title='bbox 560 2509 742 2584; x_wconf 79' lang='lat' dir='ltr'><strong>magistratum</strong></span> <span class='ocrx_word' id='word_1_186' title='bbox 878 2531 957 2588; x_wconf 83' lang='lat' dir='ltr'><strong>quam</strong></span> <span class='ocrx_word' id='word_1_187' title='bbox 982 2514 1196 2569; x_wconf 78' lang='lat' dir='ltr'><strong>constantissima</strong></span> <span class='ocrx_word' id='word_1_188' title='bbox 1218 2527 1250 2570; x_wconf 81' lang='lat' dir='ltr'><strong>re</strong></span> <span class='ocrx_word' id='word_1_189' title='bbox 1278 2514 1325 2570; x_wconf 87' lang='lat' dir='ltr'><strong>lor·</strong></span> 
     </span>
     <span class='ocr_line' id='line_1_23' title="bbox 292 2594 1324 2676; baseline 0.006 -22"><span class='ocrx_word' id='word_1_190' title='bbox 292 2617 428 2675; x_wconf 80' lang='lat' dir='ltr'><strong>accepere.</strong></span> <span class='ocrx_word' id='word_1_191' title='bbox 446 2629 481 2640; x_wconf 94' lang='lat'>-</span> <span class='ocrx_word' id='word_1_192' title='bbox 500 2594 543 2656; x_wconf 84' lang='lat' dir='ltr'><strong>Cf.</strong></span> <span class='ocrx_word' id='word_1_193' title='bbox 564 2599 587 2655; x_wconf 91' lang='lat'><strong>1.</strong></span> <span class='ocrx_word' id='word_1_194' title='bbox 606 2598 661 2655; x_wconf 71' lang='lat' dir='ltr'><strong>te:</strong></span> <span class='ocrx_word' id='word_1_195' title='bbox 679 2597 743 2656; x_wconf 89' lang='lat' dir='ltr'><strong>inde</strong></span> <span class='ocrx_word' id='word_1_196' title='bbox 874 2609 938 2655; x_wconf 85' lang='lat' dir='ltr'><strong>tuna</strong></span> <span class='ocrx_word' id='word_1_197' title='bbox 955 2598 1074 2658; x_wconf 84' lang='lat' dir='ltr'><strong>fretus“:</strong></span> <span class='ocrx_word' id='word_1_198' title='bbox 1092 2601 1223 2676; x_wconf 84' lang='lat' dir='ltr'><strong>probante</strong></span> <span class='ocrx_word' id='word_1_199' title='bbox 1240 2601 1264 2660; x_wconf 89' lang='grc'><strong>1.</strong></span> <span class='ocrx_word' id='word_1_200' title='bbox 1282 2601 1324 2661; x_wconf 82' lang='lat' dir='ltr'><strong>Fr.</strong></span> 
     </span>
     <span class='ocr_line' id='line_1_24' title="bbox 291 2683 1323 2763; baseline 0.003 -21"><span class='ocrx_word' id='word_1_201' title='bbox 291 2684 323 2746; x_wconf 91' lang='lat' dir='ltr'><strong>L.</strong></span> <span class='ocrx_word' id='word_1_202' title='bbox 345 2685 507 2763; x_wconf 84' lang='lat' dir='ltr'><strong>Tarquinius</strong></span> <span class='ocrx_word' id='word_1_203' title='bbox 533 2703 644 2760; x_wconf 76' lang='lat' dir='ltr'><strong>regnare</strong></span> <span class='ocrx_word' id='word_1_204' title='bbox 666 2705 742 2742; x_wconf 86' lang='lat' dir='ltr'><strong>occe·</strong></span> <span class='ocrx_word' id='word_1_205' title='bbox 827 2751 833 2760; x_wconf 37' lang='lat'><strong>·</strong></span> <span class='ocrx_word' id='word_1_206' title='bbox 875 2683 1021 2744; x_wconf 89' lang='lat' dir='ltr'><strong>Gronovio.</strong></span> <span class='ocrx_word' id='word_1_207' title='bbox 1049 2685 1136 2755; x_wconf 78' lang='grc'><strong>(11.6,</strong></span> <span class='ocrx_word' id='word_1_208' title='bbox 1161 2690 1215 2746; x_wconf 82' lang='lat'><strong>13.:</strong></span> <span class='ocrx_word' id='word_1_209' title='bbox 1235 2688 1323 2746; x_wconf 89' lang='lat' dir='ltr'><strong>molti·</strong></span> 
     </span>
     <span class='ocr_line' id='line_1_25' title="bbox 290 2772 1321 2854; baseline -0.002 -22"><span class='ocrx_word' id='word_1_210' title='bbox 290 2777 341 2854; x_wconf 91' lang='lat' dir='ltr'><strong>pit.</strong></span> <span class='ocrx_word' id='word_1_211' title='bbox 359 2777 386 2846; x_wconf 81' lang='lat'><strong>3,</strong></span> <span class='ocrx_word' id='word_1_212' title='bbox 404 2776 448 2832; x_wconf 77' lang='lat'><strong>55.</strong></span> <span class='ocrx_word' id='word_1_213' title='bbox 466 2772 500 2830; x_wconf 86' lang='lat' dir='ltr'><strong>al.</strong></span> <span class='ocrx_word' id='word_1_214' title='bbox 876 2772 941 2829; x_wconf 88' lang='lat' dir='ltr'><strong>tudo</strong></span> <span class='ocrx_word' id='word_1_215' title='bbox 964 2773 1082 2830; x_wconf 87' lang='lat' dir='ltr'><strong>bostium</strong></span> <span class='ocrx_word' id='word_1_216' title='bbox 1106 2773 1172 2832; x_wconf 88' lang='lat' dir='ltr'><strong>nulli</strong></span> <span class='ocrx_word' id='word_1_217' title='bbox 1192 2777 1229 2832; x_wconf 88' lang='lat' dir='ltr'><strong>rei</strong></span> <span class='ocrx_word' id='word_1_218' title='bbox 1248 2797 1321 2852; x_wconf 83' lang='lat' dir='ltr'><strong>prae·</strong></span> 
     </span>
    </p>

    <p class='ocr_par' dir='ltr' id='par_1_8' title="bbox 237 2859 1317 3024">
     <span class='ocr_line' id='line_1_26' title="bbox 237 2859 1317 2936; baseline 0.005 -18"><span class='ocrx_word' id='word_1_219' title='bbox 237 2895 271 2906; x_wconf 88' lang='lat'>-</span> <span class='ocrx_word' id='word_1_220' title='bbox 290 2864 350 2918; x_wconf 81' lang='lat' dir='ltr'><strong>iam</strong></span> <span class='ocrx_word' id='word_1_221' title='bbox 374 2881 433 2918; x_wconf 84' lang='lat' dir='ltr'><strong>non</strong></span> <span class='ocrx_word' id='word_1_222' title='bbox 456 2861 554 2918; x_wconf 83' lang='lat' dir='ltr'><strong>solum</strong></span> <span class='ocrx_word' id='word_1_223' title='bbox 577 2861 630 2935; x_wconf 83' lang='lat' dir='ltr'><strong>qui</strong></span> <span class='ocrx_word' id='word_1_224' title='bbox 646 2859 685 2930; x_wconf 86' lang='grc' dir='ltr'><strong>(Ρ</strong></span> <span class='ocrx_word' id='word_1_225' title='bbox 707 2879 743 2920; x_wconf 89' lang='lat' dir='ltr'><strong>m.</strong></span> <span class='ocrx_word' id='word_1_226' title='bbox 873 2869 915 2914; x_wconf 86' lang='lat' dir='ltr'><strong>ter</strong></span> <span class='ocrx_word' id='word_1_227' title='bbox 932 2880 1133 2936; x_wconf 85' lang='lat' dir='ltr'><strong>qnamnnmero</strong></span> <span class='ocrx_word' id='word_1_228' title='bbox 1146 2862 1211 2918; x_wconf 86' lang='lat' dir='ltr'><strong>lreta</strong></span> <span class='ocrx_word' id='word_1_229' title='bbox 1228 2863 1317 2934; x_wconf 86' lang='grc' dir='ltr'><strong>(ΡΜ).</strong></span> 
     </span>
     <span class='ocr_line' id='line_1_27' title="bbox 293 2947 1317 3024; baseline 0.003 -21"><span class='ocrx_word' id='word_1_230' title='bbox 293 2951 341 3007; x_wconf 78' lang='lat' dir='ltr'><strong>1.z.</strong></span> <span class='ocrx_word' id='word_1_231' title='bbox 353 2950 432 3024; x_wconf 85' lang='lat' dir='ltr'><strong>quia)</strong></span> <span class='ocrx_word' id='word_1_232' title='bbox 449 2947 494 3003; x_wconf 85' lang='lat' dir='ltr'><strong>ad</strong></span> <span class='ocrx_word' id='word_1_233' title='bbox 509 2947 544 3004; x_wconf 74' lang='lat' dir='ltr'><strong>id</strong></span> <span class='ocrx_word' id='word_1_234' title='bbox 560 2949 647 3004; x_wconf 78' lang='lat' dir='ltr'><strong>missi</strong></span> <span class='ocrx_word' id='word_1_235' title='bbox 656 2956 743 3003; x_wconf 80' lang='lat' dir='ltr'><strong>crant</strong></span> <span class='ocrx_word' id='word_1_236' title='bbox 871 2947 962 3012; x_wconf 70' lang='lat' dir='ltr'><strong>uer:</strong></span> <span class='ocrx_word' id='word_1_237' title='bbox 976 2947 1127 3006; x_wconf 85' lang='lat' dir='ltr'><strong>discordiae</strong></span> <span class='ocrx_word' id='word_1_238' title='bbox 1139 2947 1253 3006; x_wconf 84' lang='lat' dir='ltr'><strong>bostium</strong></span> <span class='ocrx_word' id='word_1_239' title='bbox 1267 2951 1317 3006; x_wconf 85' lang='lat' dir='ltr'><strong>lre-</strong></span> 
     </span>
    </p>

    <p class='ocr_par' dir='ltr' id='par_1_9' title="bbox 244 3033 1318 3374">
     <span class='ocr_line' id='line_1_28' title="bbox 244 3033 1318 3110; baseline 0.001 -22"><span class='ocrx_word' id='word_1_240' title='bbox 244 3101 247 3108; x_wconf 33' lang='grc'><em>,</em></span> <span class='ocrx_word' id='word_1_241' title='bbox 288 3034 741 3104; x_wconf 75' lang='lat' dir='ltr'><strong>retulerantinmiuereuolecum</strong></span> <span class='ocrx_word' id='word_1_242' title='bbox 873 3043 916 3088; x_wconf 85' lang='lat' dir='ltr'><strong>tus</strong></span> <span class='ocrx_word' id='word_1_243' title='bbox 944 3033 1033 3110; x_wconf 76' lang='grc' dir='ltr'><strong>(ΡΜ).</strong></span> <span class='ocrx_word' id='word_1_244' title='bbox 1079 3034 1178 3097; x_wconf 81' lang='lat' dir='ltr'><strong>Contra</strong></span> <span class='ocrx_word' id='word_1_245' title='bbox 1203 3039 1230 3105; x_wconf 65' lang='grc' dir='ltr'><strong>Ρ,</strong></span> <span class='ocrx_word' id='word_1_246' title='bbox 1259 3041 1318 3096; x_wconf 63' lang='lat' dir='ltr'><strong>az:</strong></span> 
     </span>
     <span class='ocr_line' id='line_1_29' title="bbox 289 3113 1317 3195; baseline 0.006 -19"><span class='ocrx_word' id='word_1_247' title='bbox 289 3117 739 3195; x_wconf 54' lang='lat' dir='ltr'><strong>bellumrpss-Pleriquereccn</strong></span> <span class='ocrx_word' id='word_1_248' title='bbox 813 3113 814 3117; x_wconf 30' lang='lat'>¹</span> <span class='ocrx_word' id='word_1_249' title='bbox 872 3119 1024 3181; x_wconf 81' lang='lat' dir='ltr'><strong>abundante</strong></span> <span class='ocrx_word' id='word_1_250' title='bbox 1053 3123 1219 3182; x_wconf 83' lang='lat' dir='ltr'><strong>multitudiue</strong></span> <span class='ocrx_word' id='word_1_251' title='bbox 1248 3123 1317 3184; x_wconf 75' lang='lat' dir='ltr'><strong>freti.</strong></span> 
     </span>
     <span class='ocr_line' id='line_1_30' title="bbox 287 3204 1315 3286; baseline 0.006 -24"><span class='ocrx_word' id='word_1_252' title='bbox 287 3204 739 3286; x_wconf 72' lang='lat' dir='ltr'><strong>retulerunt—Prnournteum·</strong></span> <span class='ocrx_word' id='word_1_253' title='bbox 874 3209 904 3276; x_wconf 74' lang='lat' dir='ltr'><strong>b,</strong></span> <span class='ocrx_word' id='word_1_254' title='bbox 922 3209 979 3267; x_wconf 78' lang='lat'><strong>65.=</strong></span> <span class='ocrx_word' id='word_1_255' title='bbox 1008 3210 1107 3266; x_wconf 81' lang='lat' dir='ltr'><strong>virtute</strong></span> <span class='ocrx_word' id='word_1_256' title='bbox 1133 3209 1249 3270; x_wconf 70' lang='lat' dir='ltr'><strong>nlilitum</strong></span> <span class='ocrx_word' id='word_1_257' title='bbox 1264 3211 1315 3269; x_wconf 83' lang='lat' dir='ltr'><strong>lre·</strong></span> 
     </span>
     <span class='ocr_line' id='line_1_31' title="bbox 289 3289 1192 3374; baseline -0.002 -23"><span class='ocrx_word' id='word_1_258' title='bbox 289 3315 369 3374; x_wconf 80' lang='lat' dir='ltr'><strong>quem</strong></span> <span class='ocrx_word' id='word_1_259' title='bbox 386 3292 509 3352; x_wconf 49' lang='lat' dir='ltr'><strong>urrlrcosu</strong></span> <span class='ocrx_word' id='word_1_260' title='bbox 548 3361 551 3366; x_wconf 25' lang='lat'>¹</span> <span class='ocrx_word' id='word_1_261' title='bbox 592 3361 595 3368; x_wconf 87' lang='lat'>.</span> <span class='ocrx_word' id='word_1_262' title='bbox 870 3303 923 3352; x_wconf 88' lang='lat' dir='ltr'><strong>tus.</strong></span> <span class='ocrx_word' id='word_1_263' title='bbox 940 3293 974 3356; x_wconf 88' lang='lat' dir='ltr'><strong>al.</strong></span> <span class='ocrx_word' id='word_1_264' title='bbox 1188 3289 1192 3294; x_wconf 69' lang='grc'><strong>’</strong></span> 
     </span>
    </p>

    <p class='ocr_par' dir='ltr' id='par_1_10' title="bbox 242 3381 1350 3638">
     <span class='ocr_line' id='line_1_32' title="bbox 242 3381 1314 3458; baseline 0.001 -16"><span class='ocrx_word' id='word_1_265' title='bbox 242 3385 269 3444; x_wconf 85' lang='grc'><strong>6.</strong></span> <span class='ocrx_word' id='word_1_266' title='bbox 286 3403 372 3442; x_wconf 84' lang='lat' dir='ltr'><strong>armo</strong></span> <span class='ocrx_word' id='word_1_267' title='bbox 401 3383 569 3458; x_wconf 81' lang='lat' dir='ltr'><strong>bellumque</strong></span> <span class='ocrx_word' id='word_1_268' title='bbox 598 3382 742 3440; x_wconf 82' lang='lat' dir='ltr'><strong>obliuioni</strong></span> <span class='ocrx_word' id='word_1_269' title='bbox 811 3383 854 3440; x_wconf 76' lang='lat'><strong>12.</strong></span> <span class='ocrx_word' id='word_1_270' title='bbox 873 3381 939 3440; x_wconf 72' lang='lat' dir='ltr'><strong>duo:</strong></span> <span class='ocrx_word' id='word_1_271' title='bbox 961 3393 1056 3440; x_wconf 81' lang='lat' dir='ltr'><strong>esset.-</strong></span> <span class='ocrx_word' id='word_1_272' title='bbox 1077 3383 1169 3446; x_wconf 79' lang='lat' dir='ltr'><strong>borel.</strong></span> <span class='ocrx_word' id='word_1_273' title='bbox 1190 3387 1213 3444; x_wconf 81' lang='grc'><strong>1.</strong></span> <span class='ocrx_word' id='word_1_274' title='bbox 1234 3397 1314 3443; x_wconf 85' lang='lat' dir='ltr'><strong>etex</strong></span> 
     </span>
     <span class='ocr_line' id='line_1_33' title="bbox 288 3467 1312 3533; baseline 0.004 -5"><span class='ocrx_word' id='word_1_275' title='bbox 288 3470 408 3528; x_wconf 82' lang='lat' dir='ltr'><strong>danda:</strong></span> <span class='ocrx_word' id='word_1_276' title='bbox 436 3469 485 3526; x_wconf 89' lang='grc' dir='ltr'><strong>ΡΜ</strong></span> <span class='ocrx_word' id='word_1_277' title='bbox 511 3467 571 3526; x_wconf 89' lang='lat' dir='ltr'><strong>cod.</strong></span> <span class='ocrx_word' id='word_1_278' title='bbox 598 3467 685 3529; x_wconf 86' lang='lat' dir='ltr'><strong>Rben.</strong></span> <span class='ocrx_word' id='word_1_279' title='bbox 712 3479 739 3528; x_wconf 87' lang='lat' dir='ltr'><strong>et</strong></span> <span class='ocrx_word' id='word_1_280' title='bbox 872 3471 942 3530; x_wconf 89' lang='lat' dir='ltr'><strong>coni.</strong></span> <span class='ocrx_word' id='word_1_281' title='bbox 955 3471 1084 3532; x_wconf 81' lang='lat' dir='ltr'><strong>Rhen.-</strong></span> <span class='ocrx_word' id='word_1_282' title='bbox 1102 3473 1151 3533; x_wconf 89' lang='grc' dir='ltr'><strong>ΡΜ</strong></span> <span class='ocrx_word' id='word_1_283' title='bbox 1162 3473 1218 3532; x_wconf 87' lang='lat' dir='ltr'><strong>cod</strong></span> <span class='ocrx_word' id='word_1_284' title='bbox 1228 3471 1312 3532; x_wconf 84' lang='lat' dir='ltr'><strong>Rben.</strong></span> 
     </span>
     <span class='ocr_line' id='line_1_34' title="bbox 286 3549 1350 3638; baseline 0.004 -24"><span class='ocrx_word' id='word_1_285' title='bbox 286 3557 344 3616; x_wconf 87' lang='lat' dir='ltr'><strong>rell.</strong></span> <span class='ocrx_word' id='word_1_286' title='bbox 363 3557 441 3615; x_wconf 89' lang='lat' dir='ltr'><strong>codd.</strong></span> <span class='ocrx_word' id='word_1_287' title='bbox 689 3587 692 3591; x_wconf 92' lang='lat'>·</span> <span class='ocrx_word' id='word_1_288' title='bbox 870 3549 944 3616; x_wconf 78' lang='lat' dir='ltr'><strong>Harl.</strong></span> <span class='ocrx_word' id='word_1_289' title='bbox 968 3579 986 3618; x_wconf 92' lang='grc' dir='ltr'><strong>ι.</strong></span> <span class='ocrx_word' id='word_1_290' title='bbox 1008 3558 1085 3619; x_wconf 87' lang='lat' dir='ltr'><strong>Leid.</strong></span> <span class='ocrx_word' id='word_1_291' title='bbox 1108 3579 1126 3619; x_wconf 90' lang='lat'><strong>1.</strong></span> <span class='ocrx_word' id='word_1_292' title='bbox 1151 3561 1194 3620; x_wconf 86' lang='lat' dir='ltr'><strong>al:</strong></span> <span class='ocrx_word' id='word_1_293' title='bbox 1219 3562 1311 3638; x_wconf 85' lang='lat' dir='ltr'><strong>„qnod</strong></span> <span class='ocrx_word' id='word_1_294' title='bbox 1347 3553 1350 3560; x_wconf 43' lang='lat'><strong><em>⁴</em></strong></span> 
     </span>
    </p>

    <p class='ocr_par' dir='ltr' id='par_1_11' title="bbox 240 3642 1310 3802">
     <span class='ocr_line' id='line_1_35' title="bbox 240 3642 1310 3725; baseline 0.004 -23"><span class='ocrx_word' id='word_1_295' title='bbox 240 3647 267 3704; x_wconf 82' lang='lat'><strong>7.</strong></span> <span class='ocrx_word' id='word_1_296' title='bbox 286 3643 472 3701; x_wconf 79' lang='lat' dir='ltr'><strong>anthiocum</strong></span> <span class='ocrx_word' id='word_1_297' title='bbox 485 3642 736 3720; x_wconf 77' lang='lat' dir='ltr'><strong>quibusder&#39;mpe·</strong></span> <span class='ocrx_word' id='word_1_298' title='bbox 871 3646 985 3702; x_wconf 81' lang='lat' dir='ltr'><strong>uictoris</strong></span> <span class='ocrx_word' id='word_1_299' title='bbox 1009 3647 1103 3725; x_wconf 89' lang='lat' dir='ltr'><strong>populi</strong></span> <span class='ocrx_word' id='word_1_300' title='bbox 1129 3645 1249 3704; x_wconf 77' lang='lat' dir='ltr'><strong>aduersos</strong></span> <span class='ocrx_word' id='word_1_301' title='bbox 1269 3650 1310 3706; x_wconf 87' lang='lat' dir='ltr'><strong>ui·</strong></span> 
     </span>
     <span class='ocr_line' id='line_1_36' title="bbox 285 3729 1310 3802; baseline 0.004 -14"><span class='ocrx_word' id='word_1_302' title='bbox 285 3732 330 3788; x_wconf 82' lang='lat' dir='ltr'><strong>rio</strong></span> <span class='ocrx_word' id='word_1_303' title='bbox 344 3739 486 3788; x_wconf 79' lang='lat' dir='ltr'><strong>certetur:</strong></span> <span class='ocrx_word' id='word_1_304' title='bbox 505 3729 569 3801; x_wconf 90' lang='grc' dir='ltr'><strong>ΡΜ]</strong></span> <span class='ocrx_word' id='word_1_305' title='bbox 583 3740 629 3787; x_wconf 84' lang='lat' dir='ltr'><strong>aut</strong></span> <span class='ocrx_word' id='word_1_306' title='bbox 639 3732 673 3787; x_wconf 87' lang='lat' dir='ltr'><strong>iis</strong></span> <span class='ocrx_word' id='word_1_307' title='bbox 686 3742 736 3790; x_wconf 82' lang='lat' dir='ltr'><strong>cet.</strong></span> <span class='ocrx_word' id='word_1_308' title='bbox 868 3741 927 3788; x_wconf 86' lang='lat' dir='ltr'><strong>ctos</strong></span> <span class='ocrx_word' id='word_1_309' title='bbox 936 3733 1105 3792; x_wconf 79' lang='lat' dir='ltr'><strong>duxisset“.</strong></span> <span class='ocrx_word' id='word_1_310' title='bbox 1116 3733 1310 3802; x_wconf 75' lang='lat' dir='ltr'><strong>—Nom„duu</strong></span> 
     </span>
    </p>

    <p class='ocr_par' dir='ltr' id='par_1_12' title="bbox 91 3805 1308 3887">
     <span class='ocr_line' id='line_1_37' title="bbox 91 3805 1308 3887; baseline 0.007 -15"><span class='ocrx_word' id='word_1_311' title='bbox 91 3874 95 3883; x_wconf 75' lang='lat'>,</span> <span class='ocrx_word' id='word_1_312' title='bbox 284 3849 318 3861; x_wconf 91' lang='lat'><em>-</em></span> <span class='ocrx_word' id='word_1_313' title='bbox 331 3805 395 3874; x_wconf 77' lang='lat' dir='ltr'><strong>PM?</strong></span> <span class='ocrx_word' id='word_1_314' title='bbox 411 3816 495 3874; x_wconf 84' lang='lat' dir='ltr'><strong>houd</strong></span> <span class='ocrx_word' id='word_1_315' title='bbox 505 3817 562 3885; x_wconf 80' lang='lat' dir='ltr'><strong>(lll2</strong></span> <span class='ocrx_word' id='word_1_316' title='bbox 582 3822 642 3887; x_wconf 82' lang='lat' dir='ltr'><strong>aut)</strong></span> <span class='ocrx_word' id='word_1_317' title='bbox 656 3839 737 3876; x_wconf 84' lang='lat' dir='ltr'><strong>uuna</strong></span> <span class='ocrx_word' id='word_1_318' title='bbox 867 3820 983 3876; x_wconf 81' lang='lat' dir='ltr'><strong>irset“?</strong></span> <span class='ocrx_word' id='word_1_319' title='bbox 995 3849 1026 3862; x_wconf 90' lang='lat'><em>-</em></span> <span class='ocrx_word' id='word_1_320' title='bbox 1045 3819 1073 3887; x_wconf 86' lang='grc'><strong>11</strong></span> <span class='ocrx_word' id='word_1_321' title='bbox 1090 3839 1125 3880; x_wconf 88' lang='lat' dir='ltr'><strong>m.</strong></span> <span class='ocrx_word' id='word_1_322' title='bbox 1141 3824 1179 3880; x_wconf 53' lang='grc' dir='ltr'><strong>Ρη</strong></span> <span class='ocrx_word' id='word_1_323' title='bbox 1196 3823 1308 3880; x_wconf 80' lang='lat' dir='ltr'><strong>uictores</strong></span> 
     </span>
    </p>

    <p class='ocr_par' dir='ltr' id='par_1_13' title="bbox 192 3889 1305 4158">
     <span class='ocr_line' id='line_1_38' title="bbox 192 3889 1287 3993; baseline 0 -28"><span class='ocrx_word' id='word_1_324' title='bbox 192 3889 200 3904; x_wconf 51' lang='lat'>⁸</span> <span class='ocrx_word' id='word_1_325' title='bbox 285 3907 437 3965; x_wconf 83' lang='lat' dir='ltr'><strong>adtulere:</strong></span> <span class='ocrx_word' id='word_1_326' title='bbox 460 3905 517 3962; x_wconf 81' lang='lat' dir='ltr'><strong>aad</strong></span> <span class='ocrx_word' id='word_1_327' title='bbox 537 3924 591 3963; x_wconf 78' lang='lat' dir='ltr'><strong>uec</strong></span> <span class='ocrx_word' id='word_1_328' title='bbox 610 3907 735 3980; x_wconf 67' lang='lat' dir='ltr'><strong>perinde</strong></span> <span class='ocrx_word' id='word_1_329' title='bbox 839 3901 842 3911; x_wconf 56' lang='lat'><strong>¹</strong></span> <span class='ocrx_word' id='word_1_330' title='bbox 868 3903 996 3982; x_wconf 84' lang='lat' dir='ltr'><strong>populos.</strong></span> <span class='ocrx_word' id='word_1_331' title='bbox 1185 3979 1187 3993; x_wconf 39' lang='grc' dir='ltr'>Ι</span> <span class='ocrx_word' id='word_1_332' title='bbox 1284 3969 1287 3974; x_wconf 62' lang='grc'>,</span> 
     </span>
     <span class='ocr_line' id='line_1_39' title="bbox 282 3991 1305 4076; baseline 0.004 -26"><span class='ocrx_word' id='word_1_333' title='bbox 282 4004 385 4076; x_wconf 80' lang='lat' dir='ltr'><strong>patres</strong></span> <span class='ocrx_word' id='word_1_334' title='bbox 397 3991 471 4051; x_wconf 73' lang='lat' dir='ltr'><strong>moti</strong></span> <span class='ocrx_word' id='word_1_335' title='bbox 479 4002 549 4052; x_wconf 82' lang='lat' dir='ltr'><strong>sunt</strong></span> <span class='ocrx_word' id='word_1_336' title='bbox 559 3993 633 4066; x_wconf 81' lang='lat' dir='ltr'><strong>(scil.</strong></span> <span class='ocrx_word' id='word_1_337' title='bbox 647 4015 677 4050; x_wconf 87' lang='lat' dir='ltr'><strong>se</strong></span> <span class='ocrx_word' id='word_1_338' title='bbox 690 3992 734 4049; x_wconf 88' lang='lat' dir='ltr'><strong>de·</strong></span> <span class='ocrx_word' id='word_1_339' title='bbox 814 4019 849 4034; x_wconf 88' lang='lat'><em>—</em></span> <span class='ocrx_word' id='word_1_340' title='bbox 867 3995 968 4050; x_wconf 80' lang='lat' dir='ltr'><strong>onmia</strong></span> <span class='ocrx_word' id='word_1_341' title='bbox 983 4001 1092 4052; x_wconf 83' lang='lat' dir='ltr'><strong>temere</strong></span> <span class='ocrx_word' id='word_1_342' title='bbox 1109 4015 1146 4052; x_wconf 84' lang='lat' dir='ltr'><strong>oo</strong></span> <span class='ocrx_word' id='word_1_343' title='bbox 1163 3997 1305 4074; x_wconf 77' lang='lat' dir='ltr'><strong>neglegen-</strong></span> 
     </span>
     <span class='ocr_line' id='line_1_40' title="bbox 282 4067 1078 4158; baseline 0.001 -20"><span class='ocrx_word' id='word_1_344' title='bbox 282 4083 408 4152; x_wconf 83' lang='lat' dir='ltr'><strong>bebent).</strong></span> <span class='ocrx_word' id='word_1_345' title='bbox 480 4085 483 4092; x_wconf 82' lang='grc'><em>’</em></span> <span class='ocrx_word' id='word_1_346' title='bbox 680 4067 683 4086; x_wconf 72' lang='grc'><strong><em>’</em></strong></span> <span class='ocrx_word' id='word_1_347' title='bbox 756 4145 758 4150; x_wconf 44' lang='grc'><strong>,</strong></span> <span class='ocrx_word' id='word_1_348' title='bbox 865 4087 912 4136; x_wconf 82' lang='lat' dir='ltr'><strong>ter</strong></span> <span class='ocrx_word' id='word_1_349' title='bbox 928 4083 1002 4158; x_wconf 73' lang='lat' dir='ltr'><strong>egit:</strong></span> <span class='ocrx_word' id='word_1_350' title='bbox 1021 4081 1078 4147; x_wconf 85' lang='grc' dir='ltr'><strong>ΡΜ.</strong></span> 
     </span>
    </p>

    <p class='ocr_par' dir='ltr' id='par_1_14' title="bbox 224 4165 1302 4246">
     <span class='ocr_line' id='line_1_41' title="bbox 224 4165 1302 4246; baseline 0.003 -20"><span class='ocrx_word' id='word_1_351' title='bbox 224 4173 267 4230; x_wconf 90' lang='grc'><strong>10.</strong></span> <span class='ocrx_word' id='word_1_352' title='bbox 286 4171 335 4226; x_wconf 81' lang='lat' dir='ltr'><strong>cui</strong></span> <span class='ocrx_word' id='word_1_353' title='bbox 350 4188 387 4226; x_wconf 81' lang='lat' dir='ltr'><strong>eo</strong></span> <span class='ocrx_word' id='word_1_354' title='bbox 402 4170 559 4244; x_wconf 76' lang='lat' dir='ltr'><strong>prouincia</strong></span> <span class='ocrx_word' id='word_1_355' title='bbox 579 4167 656 4224; x_wconf 84' lang='lat' dir='ltr'><strong>sorti</strong></span> <span class='ocrx_word' id='word_1_356' title='bbox 670 4185 734 4224; x_wconf 78' lang='lat' dir='ltr'><strong>cue·</strong></span> <span class='ocrx_word' id='word_1_357' title='bbox 806 4165 848 4224; x_wconf 89' lang='lat'><strong>15.</strong></span> <span class='ocrx_word' id='word_1_358' title='bbox 868 4167 984 4222; x_wconf 82' lang='lat' dir='ltr'><strong>ineante</strong></span> <span class='ocrx_word' id='word_1_359' title='bbox 993 4169 1223 4246; x_wconf 68' lang='lat' dir='ltr'><strong>inconsulteque:</strong></span> <span class='ocrx_word' id='word_1_360' title='bbox 1233 4169 1257 4226; x_wconf 84' lang='lat' dir='ltr'><strong>ll</strong></span> <span class='ocrx_word' id='word_1_361' title='bbox 1268 4191 1302 4229; x_wconf 88' lang='lat' dir='ltr'><strong>m.</strong></span> 
     </span>
    </p>
   </div>
   <div class='ocr_carea' id='block_1_5' title="bbox 0 0 1382 4720">
    <p class='ocr_par' dir='ltr' id='par_1_15' title="bbox 0 0 1382 4720">
     <span class='ocr_line' id='line_1_42' title="bbox 0 0 1382 4720; baseline 0 4"><span class='ocrx_word' id='word_1_362' title='bbox 0 0 1382 4720; x_wconf 95' lang='lat' dir='ltr'><strong> </strong></span> 
     </span>
    </p>
   </div>
  </div>
 </body>
</html>
