2838 4822
36 207 80 336 ff
228 241 291 311 *ro
452 197 459 216 '
717 249 921 320 moon.

121 442 122 446 ¹
155 397 157 402 ¹
184 502 188 510 Ι
246 417 357 486 saltus.
378 415 454 484 hinc
474 415 589 483 robore
608 412 797 506 corporibus
825 408 1004 504 ardruisipue
1030 425 1164 507 sumpto
1188 415 1255 483 iem
1288 439 1372 491 non

224 526 227 537 '
248 523 332 591 [cras
352 531 477 590 tantum
496 519 679 601 subsistere,
698 515 759 585 sed
777 516 811 585 in
830 516 972 588 latrones
992 518 1115 610 proedo
1133 531 1271 597 onmtos
1296 522 1369 590 im·

198 648 201 659 ¹
247 639 342 718 petus
364 627 477 710 lacere,
498 623 743 716 pastoribusque
765 632 856 713 rapta
878 622 1028 720 (lividae,
1041 636 1083 695 et
1102 647 1179 693 eum
1206 624 1262 693 his
1286 650 1367 697 cre

247 742 357 801 scente
377 731 410 798 in
431 730 499 807 dies
521 751 618 820 grege
637 728 791 796 iuvenum
810 726 893 795 seria
915 752 954 797 sc
975 728 1064 801 iocos
1085 729 1259 799 celebrare.

5 893 9 918 .,
148 847 154 865 ‘
213 854 235 922 p
334 837 374 907 V.
395 837 464 904 lam
483 846 554 903 tum
575 832 751 902 inPnlotio
773 843 884 903 monte
904 833 1063 926 Lupercal
1090 833 1155 904 hoc
1175 834 1280 905 luisse
1304 837 1364 906 lu-

0 932 16 979 t:
245 943 367 1012 dicrum
387 941 494 1009 ferunt
515 979 559 991 -
586 949 620 1007 et
641 962 660 1004 a
681 937 845 1008 Pallanteo
866 939 946 1008 urbe
970 939 1122 1009 Arcadica
1144 939 1362 1026 Pallantium,

0 1068 36 1120 ·.χ
121 1112 125 1132 ,
243 1048 317 1116 dein
337 1045 496 1115 Palatirnu
516 1054 661 1119 montem
689 1043 884 1135 appellatum
905 1069 966 1113 -r
986 1043 1031 1112 ibi
1047 1043 1260 1133 Euandnrm,
1292 1047 1358 1155 (pri

4 1145 8 1185 ³
47 1215 52 1229 ι
124 1197 129 1201 -
230 1177 286 1222 ‚ex
315 1174 356 1220 eo
384 1172 501 1241 genere
527 1147 689 1218 Arcadum
713 1147 823 1218 muln‘s
850 1159 924 1218 ante
944 1148 1186 1240 tempestatibus
1206 1151 1358 1222 tenuerit
1398 1210 1401 1226 .

14 1284 18 1291 ·
243 1259 326 1339 loca,
346 1255 504 1323 sollemne
524 1253 657 1323 allatum
677 1277 720 1323 ex
739 1249 874 1323 Arcadia
895 1252 1082 1336 instituisse,
1103 1263 1140 1322 ut
1159 1254 1237 1325 nudi
1257 1254 1354 1324 iuve-

190 1378 310 1434 ‘tones
327 1360 493 1452 Lycaeum
519 1360 605 1427 Pana
632 1368 821 1428 venerantes
848 1379 907 1450 per
932 1357 1041 1440 lustru
1061 1368 1158 1480 afflue
1179 1358 1353 1428 lasciviam
1399 1370 1401 1373 ’

243 1475 419 1543 currerent:
442 1487 540 1556 quem
553 1464 690 1534 Romani
710 1464 825 1532 deinde
841 1473 1036 1534 vocaverunt
1048 1463 1173 1531 luurun.
1195 1462 1272 1532 huic
1292 1465 1350 1534 de

0 1612 1 1620 .
111 1627 114 1635 .
242 1572 315 1640 ditis
335 1569 468 1655 ludicro,
489 1591 565 1642 cum
585 1569 743 1639 sollemne
764 1579 878 1641 notum
899 1578 996 1651 esset,
1016 1567 1179 1637 inudiatos
1201 1568 1349 1638 obirem

241 1675 378 1768 praedae
400 1673 536 1744 amissae
556 1673 715 1759 latrones,
733 1666 809 1741 cuin
833 1671 993 1743 Romulus
1017 1671 1051 1740 vi
1076 1696 1113 1740 se
1141 1673 1348 1760 defendisset,

162 1785 186 1852 ,’
240 1782 379 1849 Remum
400 1780 534 1870 cepisse,
555 1790 686 1868 captum
707 1777 774 1866 regi
794 1774 1112 1845 Amulio-uodidisse
1139 1778 1223 1847 ultro
1250 1803 1345 1847 oocu-

0 1925 2 1935 ›
125 1957 126 1960 ,
195 1901 229 1955 15
241 1896 358 1954 santes.
386 1882 508 1950 crimini
535 1881 676 1948 maxime
704 1880 826 1948 dabant
851 1881 886 1947 in
911 1879 1088 1948 Numitoris
1114 1905 1208 1974 agros
1235 1883 1275 1950 ab
1303 1883 1344 1953 iis

241 1988 398 2079 impetum
418 1985 503 2054 fieri:
526 1984 601 2052 inde
614 1988 679 2053 ¹eos
701 1984 836 2052 collecta
857 1985 1011 2054 iuvenum
1030 2009 1130 2054 manu
1142 1987 1294 2056 hostilem
1307 1989 1343 2057 in

241 2093 375 2160 modum
395 2090 530 2181 praedas
552 2113 656 2180 agere.
674 2087 733 2155 -sie
754 2087 796 2154 ad
816 2078 1008 2180 supplicium
1034 2089 1194 2160 Numitori
1220 2093 1341 2163 Remus

241 2196 375 2264 deditur.
397 2195 461 2271 iam
482 2195 557 2262 inde
578 2194 619 2262 ab
641 2192 730 2262 initio
751 2193 905 2264 Faustulo
925 2216 1001 2285 spes
1022 2193 1127 2264 luerat
1140 2197 1259 2287 regiam
1272 2199 1339 2267 stir-

240 2294 317 2389 pem
339 2300 424 2388 apud
445 2323 484 2368 se.
502 2298 645 2368 educari:
671 2321 749 2366 uam
770 2308 805 2367 et
824 2299 989 2390 expositos
1014 2299 1105 2368 iussu
1130 2302 1216 2392 regis
1241 2303 1338 2372 inian-

167 2440 171 2455 ·
193 2415 290 2476 notes
312 2402 433 2470 sciebat
453 2414 487 2470 et
507 2414 644 2495 tempus,
666 2425 733 2493 quo
753 2403 825 2495 ipse
846 2427 903 2472 eos
923 2404 1113 2488 sustulisset
1127 2407 1168 2473 ad
1187 2406 1220 2475 id
1233 2408 1338 2499 ipsum

241 2530 427 2599 congruere.
448 2507 506 2575 sed
527 2530 597 2575 rem
617 2506 809 2576 inmaturam
830 2507 891 2576 nisi
913 2519 968 2576 aut
988 2533 1047 2601 per
1069 2512 1270 2581 occasionem
1283 2526 1338 2582 aut

114 2693 119 2705 φ
239 2637 299 2704 per
318 2610 543 2695 necessitatem
554 2609 693 2703 aperire
706 2613 862 2682 noluerat.
879 2613 1058 2683 necessitas
1079 2616 1168 2706 prior
1180 2619 1275 2687 venit.
1293 2619 1336 2710 ita

135 2735 136 2740 ’
239 2702 328 2786 metu
350 2718 501 2786 subactus
521 2717 663 2786 Romulo
683 2741 754 2786 rem
777 2719 896 2809 aperit·
909 2718 993 2786 forte
1015 2730 1049 2787 et
1068 2720 1243 2808 Numitori,
1263 2747 1335 2792 cum

240 2823 274 2889 in
295 2822 438 2891 custodia
458 2823 597 2891 Remum
617 2822 751 2890 haberet
777 2823 981 2913 audissetque
1008 2824 1152 2913 geminos
1181 2826 1252 2896 esse
1278 2829 1334 2896 lra-
1373 2828 1375 2837 ’

31 2963 38 2970 ·
64 2986 65 2990 ,
194 2937 315 3009 osores,
337 2912 551 3016 comparando
573 2936 607 2994 et
628 2936 768 2994 aetatem
788 2950 902 2994 eorum
928 2937 962 2995 et
986 2927 1091 3019 ipsam
1117 2932 1248 3000 minime
1274 2956 1333 3001 ser-

105 3082 109 3099 .
131 3045 134 3058 ’
239 3030 338 3097 vilem
358 3030 510 3115 indolem,
529 3031 676 3122 tetigerat
697 3030 839 3099 animum
859 3033 1014 3100 memoria
1036 3048 1205 3128 nepotum,
1235 3038 1332 3106 scisci-

238 3131 401 3239 tandoque
423 3134 540 3201 eodem
559 3133 714 3224 pervenit,
734 3145 772 3204 ut
784 3133 862 3232 haut
875 3139 989 3228 procul
1004 3151 1091 3208 esset
1109 3142 1186 3232 quin
1200 3142 1333 3211 Remum

26 3300 28 3307 .
115 3255 120 3267 ¹
239 3232 436 3335 agnosceret.
458 3239 501 3307 ita
523 3240 664 3331 turdique
689 3241 757 3332 regi
779 3240 872 3307 dolus
897 3241 1045 3332 nectitur.
1088 3245 1246 3323 Romulus
1271 3272 1332 3315 non

239 3370 314 3412 cum
334 3339 433 3440 glpbo
442 3338 607 3426 iuvenum
621 3383 665 3396 -—
675 3367 737 3415 nec
751 3345 838 3414 enim
851 3356 921 3414 erat
931 3347 972 3428 ad
987 3361 1130 3439 apertam
1144 3352 1210 3419 vim
1222 3356 1277 3444 par
1290 3393 1331 3408 ψ-

256 3486 284 3543 5.
301 3487 332 3542 in
348 3484 468 3544 Palatio
484 3495 599 3544 monte:
617 3485 667 3544 ΡΜ
679 3508 714 3548 ru.
728 3490 755 3548 1.
886 3487 979 3546 mitori
1003 3489 1039 3546 ad
1054 3491 1219 3571 supplicium
1236 3490 1331 3547 Remus

270 3609 274 3625 .
301 3570 374 3629 llarl
391 3572 432 3642 l.]
450 3575 480 3630 in
497 3573 618 3632 Palatino
636 3585 735 3635 monto.
884 3573 1001 3636 deditur.
1088 3606 1089 3611 =

258 3661 286 3716 7.
304 3658 389 3714 dein:
405 3658 464 3716 ΡΜ.
824 3663 868 3722 22.
885 3667 1004 3740 aperire
1015 3665 1169 3720 noluerat:
1181 3662 1223 3735 P]
1240 3663 1329 3742 aperiri

242 3748 285 3804 11.
301 3754 496 3803 vocaverunt:
507 3744 558 3842 Μ]
577 3758 715 3836 vocarunt.
885 3751 1033 3808 noluerat.-

223 3850 226 3856 ’
243 3835 284 3893 15.
303 3835 341 3890 ab
358 3835 397 3891 iia
419 3834 559 3909 'impetum
574 3837 663 3908 fieri:
681 3835 752 3909 ΡΜ]
825 3842 869 3898 27.
886 3839 992 3896 codem
1001 3837 1149 3910 peruenit:
1160 3834 1210 3896 ΡΜ
1221 3838 1233 3911 ]
1246 3858 1275 3896 eo
1287 3838 1327 3896 do·

195 3949 196 3953 ,
302 3921 336 3977 ab
354 3921 397 3978 his
415 3923 544 3999 impetum
561 3921 630 3979 lieri.
886 3944 960 3982 mum
976 3923 1106 4001 pervenit.

31 3974 35 3981 Α
71 4029 75 4037 ’
120 4080 125 4092 .
243 4012 284 4067 17.
302 4011 346 4066 sic
363 4010 407 4066 orl
422 4010 598 4085 supplicium
607 4009 758 4067 Numitori
825 4013 869 4070 29.
887 4011 932 4067 od
947 4013 1165 4086 opertomoim:
1178 4011 1224 4089 Μ]
1237 4015 1327 4075 adsim

301 4096 412 4156 Remus
425 4094 628 4169 dedr'turrvlll]
646 4097 753 4156 sioNu·
871 4094 1014 4176 apertam.
1059 4127 1062 4131 ·
