2838 4822
580 337 687 399 trualt
707 347 731 402 r.
1162 329 1206 396 69

114 523 215 590 prope
236 499 387 590 exanguis
408 524 483 568 cunr
505 493 579 570 siue
596 502 684 591 regio
706 503 858 571 comitatu
881 504 1010 572 dunmrn
1033 529 1067 572 sc
1088 505 1205 595 recipe-

4 611 10 616 '
112 615 170 686 ret,
191 604 231 671 ab
253 602 302 670 his
324 605 380 696 qui
401 605 491 672 missi
509 605 549 672 ab
564 606 736 697 Tarquinio
753 607 927 696 fugientem
942 610 1102 678 consecuti
1115 620 1205 676 erant
1238 631 1240 646 ·

112 707 303 804 inteq'srcitul.
325 707 470 792 creditur,
492 711 565 802 qnia
587 735 652 778 non
674 709 823 779 abhorret
846 724 985 781 acetero
1008 714 1136 794 scelere,
1152 713 1203 778 ad·

110 813 235 880 monitu
256 811 380 880 Tulliae
401 811 434 880 id
455 814 584 882 factum.
607 826 759 904 carpento
781 827 867 883 certe
895 857 938 870 -
966 817 998 884 id
1020 817 1107 908 quod
1128 814 1202 883 satis

110 926 238 983 constat
256 911 302 968 ·-'-
328 916 361 982 in
387 917 493 984 lonun
519 917 643 987 invecta
672 943 732 987 nec
759 921 892 1010 reverita
914 933 1043 989 coetum
1065 920 1232 988 uirorumt·

110 1019 258 1088 evocavit
283 1019 386 1090 virum
413 1045 431 1090 e
460 1021 546 1091 curia
576 1024 748 1116 regemque
768 993 1074 1116 pfflappellavit
1097 1029 1203 1114 atquo

109 1125 269 1192 facessere
289 1123 373 1193 iussa
396 1150 437 1194 ex
458 1139 546 1195 tanto
569 1129 706 1196 tumultu
729 1153 803 1196 cum
833 1152 868 1197 se
892 1129 1023 1196 domum
1050 1128 1207 1218 reciperet

109 1228 371 1320 pervenissetque
393 1229 433 1297 ad
455 1255 617 1300 summum
640 1232 793 1325 Cyprium
819 1233 940 1317 vicum,
971 1234 1026 1302 ubi
1055 1231 1204 1299 Dianium
1297 1237 1308 1298 .‘

109 1319 219 1429 nuper¹
232 1332 299 1418 fuir,
320 1333 460 1403 flectenti
482 1348 669 1428 carpentum
691 1338 801 1406 deintra
823 1338 855 1405 in
870 1337 1005 1404 Urbium
1029 1336 1155 1418 clivum,
1170 1344 1206 1400 ut

109 1437 142 1503 in
163 1437 281 1505 collem
293 1437 523 1528 Exquilian'mn
547 1441 743 1527 eveheretur,
763 1442 877 1511 restitit
897 1442 1030 1534 pavidus
1048 1453 1143 1532 atque
1162 1437 1205 1506 in·
1219 1454 1253 1509 10

110 1541 212 1646 hilrrrit
232 1542 340 1610 frenos
361 1542 388 1609 is
410 1543 465 1634 qui
492 1523 784 1638 inmerffigebat,
809 1547 1029 1639 iacentemque
1058 1543 1205 1612 dominae

110 1643 258 1712 Servimn
285 1645 476 1711 trucidatum
503 1649 652 1716 ostendit
682 1650 816 1716 foedum
836 1649 1106 1738 inhumanumque
1132 1647 1206 1712 iude

110 1749 242 1815 traditur
263 1747 368 1814 scelus
389 1759 663 1838 monumentoque
684 1749 776 1816 locus
804 1760 854 1818 est
874 1789 919 1800 -
940 1750 1138 1816 Sceleratum
1157 1746 1208 1814 'vi-

112 1875 187 1918 cmn
207 1860 326 1917 vocant
345 1887 390 1900 —-
412 1872 478 1941 quo
501 1857 611 1931 amens
634 1851 820 1944 agitantibus
843 1851 930 1920 furiis
952 1851 1069 1920 sororis
1092 1875 1130 1918 ac
1151 1850 1208 1917 viri
1294 1917 1297 1924 .

111 1953 219 2026 'l'ullia
240 1977 299 2044 per
319 1955 419 2045 patris
440 1929 765 2048 comffimenmm
781 1955 883 2050 egisse
900 1957 1007 2041 fertur,
1021 1965 1208 2047 partemque
1221 1970 1253 2026 15

111 2058 271 2150 sanguinis
292 2082 331 2126 ac
352 2059 457 2127 caedis
480 2060 630 2151 paternae
658 2072 791 2129 cruento
817 2061 966 2130 vehiculo
996 2060 1206 2132 contaminata

111 2165 180 2256 ipsa
201 2187 410 2255 respersaque
432 2163 543 2232 tulisse
565 2165 606 2232 ad
626 2176 760 2255 penates
783 2189 860 2246 suos
882 2165 1004 2256 virique
1019 2165 1077 2248 sui,
1092 2165 1207 2256 quibus
1244 2223 1248 2235 ,
1325 2247 1328 2254 ¹

110 2269 196 2337 iratis
218 2259 304 2336 malo
325 2267 414 2358 regni
433 2267 588 2359 principio
610 2268 729 2337 similes
750 2291 852 2360 prope
874 2269 958 2338 diem
978 2268 1080 2336 exitus
1096 2289 1207 2360 seque-

111 2384 230 2441 rentur.
273 2370 403 2438 serdus
425 2370 550 2439 Tullius
571 2373 713 2463 regnarit
733 2397 834 2440 annos
857 2384 1007 2464 quattuor
1026 2384 1058 2441 et
1077 2374 1206 2463 quadra-

112 2477 198 2568 ginta
219 2477 263 2542 ita
283 2486 321 2541 ut
341 2473 428 2542 bono
451 2474 547 2542 etiam
569 2476 799 2569 moderatoque
826 2478 1009 2546 succedenti
1036 2478 1101 2568 regi
1130 2477 1254 2564 didi-20
1307 2521 1322 2548 ι

113 2581 181 2650 cilis
203 2577 372 2646 aemulatio
395 2589 489 2654 esset
512 2591 654 2647 ceterum
680 2581 714 2646 id
736 2604 866 2671 quoque
888 2583 929 2650 ad
950 2582 1082 2672 gloriam
1103 2604 1207 2650 acces-

112 2686 154 2754 sit
175 2684 263 2774 quod
285 2705 359 2750 cum
379 2682 435 2750 illo
457 2683 552 2750 simul
572 2683 654 2751 iusta
676 2707 715 2750 ac
735 2684 875 2775 legitima
897 2709 992 2774 regna
1014 2685 1206 2753 occiderunt.
1320 2733 1325 2739 .

112 2790 145 2858 id
172 2787 279 2879 ipstun
304 2798 371 2854 tam
398 2787 475 2855 mite
503 2809 541 2856 ac
568 2798 635 2856 um
667 2789 868 2857 moderatum
899 2787 1069 2880 imperium
1101 2798 1208 2852 tamen

166 2962 241 3029 tudo
253 2961 397 3019 verborum
407 3004 425 3032 „
432 2977 498 3022 cum
508 2962 628 3020 domum
759 2962 926 3042 quiliariurn:
952 2962 995 3044 (ll
1012 2983 1047 3024 m.
1065 2966 1090 3019 a.
1108 2959 1155 3034 P).
1173 2959 1207 3020 el.

174 3071 208 3108 ae
220 3052 384 3125 reciperet“
393 3051 536 3127 persuasit,
546 3051 627 3108 etiam
759 3051 856 3120 Varro,
873 3053 900 3118 5,
918 3051 961 3109 49.
978 3051 1023 3110 5⁰.

174 3135 243 3194 illud
254 3137 365 3194 alterum
377 3136 626 3212 negligendnmnou
698 3143 740 3201 10.
759 3140 867 3198 restitit
881 3138 1027 3213 pauidus:
1046 3133 1102 3193 Pll.

174 3242 248 3292 esse,
273 3243 306 3280 ex
327 3222 388 3280 loco
406 3224 486 3302 paulo
504 3233 568 3303 post
584 3245 626 3284 se·
698 3229 740 3286 13.
758 3228 942 3284 locuscot-
957 3225 1147 3283 sceleratum.-
1158 3218 1207 3279 ΡΜ

178 3320 277 3388 quente
295 3309 415 3367 additum
431 3311 626 3391 videripoteat.
758 3311 832 3371 Harl.
852 3332 870 3370 1.

176 3399 218 3453 sie
240 3415 281 3455 ex.
305 3416 328 3454 e.
351 3399 378 3464 5,
396 3399 440 3458 51.
462 3400 491 3456 in
513 3397 590 3458 Laid.
608 3419 626 3458 r.
698 3402 741 3459 17.
758 3399 878 3456 tulisse.-
896 3396 924 3454 ll
940 3415 975 3466 m,
993 3397 1020 3456 a.
1037 3392 1155 3455 tulissetr
1179 3391 1207 3450 ll

176 3481 298 3561 aliosque
310 3481 389 3540 codd.
405 3485 514 3562 irrepsit
525 3487 627 3561 integer
756 3505 793 3542 m.
812 3487 837 3543 1.
853 3484 884 3542 P.
1163 3480 1165 3496 '

119 3612 121 3627 .
176 3591 281 3639 versus,
299 3571 375 3626 cuius
394 3571 480 3626 iustus
493 3569 569 3628 locus
581 3571 626 3628 de·
698 3575 742 3631 18.
756 3591 849 3648 prope
861 3571 954 3627 diem:
971 3568 1005 3628 ll.
1018 3566 1160 3648 pmpedie:
1173 3565 1204 3626 P.

97 3649 102 3656 ⁵
177 3658 457 3727 memnonem.)
698 3663 741 3718 19.
759 3647 854 3714 annos
872 3653 922 3714 llll
940 3664 968 3712 et
984 3653 1047 3712 XL:
1073 3655 1103 3715 Ρ.
1121 3674 1206 3712 annos

133 3750 160 3805 8.
178 3747 222 3802 od
247 3762 392 3803 summum
418 3745 559 3823 Cyprium
586 3747 627 3804 ur·-
758 3745 808 3803 1111
826 3753 854 3801 et
870 3741 936 3800 LX:
955 3741 990 3801 11.
1132 3751 1133 3754 ’
1162 3754 1164 3758 ·

177 3831 329 3892 cumrl’lll.
696 3835 741 3895 23.
757 3844 819 3889 tam
830 3833 1014 3889 mr'teoetam
1024 3814 1208 3890 moderarum

134 3922 161 3978 9.
170 3919 321 3993 flectenti:
339 3917 388 3976 ΡΜ
405 3916 478 3976 Harl.
494 3937 512 3977 t.
757 3921 910 3997 imperium
920 3927 1018 3975 tamen
1031 3917 1103 3993 quio
1120 3919 1209 3972 unius

118 4035 151 4048 -
179 4006 210 4061 r'n
218 4004 337 4062 Urbium
345 4001 626 4074 clinumePllHrrlu.
759 4005 963 4066 casstellum
971 4005 1115 4080 mitequio
1121 4007 1208 4062 unser

178 4122 214 4136 —
231 4089 274 4148 ll:
293 4091 363 4148 eliud
380 4101 407 4148 et
424 4093 452 4151 in
471 4112 495 4154 c.
757 4103 819 4152 est:
837 4092 868 4154 P.
884 4091 933 4150 sed
946 4093 974 4149 in
986 4093 1104 4167 margine
1120 4099 1214 4166 esset⁸¹
1325 4121 1332 4136 =

121 4178 627 4256 1⁰.Exquilinriumrldm.1.llls·
759 4190 786 4238 et
804 4199 872 4258 quae
889 4179 1050 4240 exciderant.
