2832 4720
210 254 278 324 aas
437 193 441 216 ⁸
670 205 778 328 ιιιιιι
791 265 840 330 ιι.

210 431 273 500 bus
294 429 489 524 experiundo
512 427 728 498 adsuefecerat
748 429 808 498 sibi
830 429 936 522 potius
956 429 1056 498 fidere
1077 444 1177 522 quam
1199 429 1315 496 memi-

211 537 296 605 nisse
323 534 512 627 ignominiae
539 531 792 602 dccemvirorum
819 535 917 604 ductu
944 544 1110 626 acceptae,
1146 558 1314 625 parvaque

213 641 382 726 certamina
410 640 443 708 in
464 662 622 708 summam
650 637 747 704 totius
776 639 976 732 profecerant
1002 638 1083 730 spei.
1118 662 1181 712 uec
1208 663 1316 708 cessa

212 745 290 812 bont
311 744 420 814 Sabini
440 745 564 814 feroces
586 743 626 812 ab
648 766 682 810 re
705 741 809 834 priore
831 767 915 814 auno
936 743 1020 812 bene
1041 755 1130 834 gesta
1150 744 1316 812 lacessere

171 865 196 946 d
213 860 308 939 atquc
336 850 451 918 instare
480 850 659 942 rogitantes,
688 847 764 939 quid
787 847 941 920 latrocinii
961 848 1060 917 modo
1087 857 1318 940 procursantes

212 953 307 1044 pauci
333 965 592 1046 recurrentesque
618 963 757 1022 tererent
783 963 910 1044 tempus
938 963 971 1021 et
996 953 1029 1023 in
1061 952 1163 1020 multa
1188 951 1318 1042 proelia

212 1082 375 1148 parvaque
397 1069 562 1149 carperent
582 1081 741 1126 surmnam
769 1057 862 1126 utrius
883 1057 980 1128 belli?
1016 1056 1093 1148 quin
1113 1055 1159 1124 illi
1181 1078 1317 1147 congre·

214 1162 362 1231 darentur
382 1163 449 1230 acie
471 1162 744 1254 inclinandamque
766 1162 868 1230 semel
889 1163 1035 1232 fortunae
1055 1184 1127 1230 rem
1147 1161 1286 1228 darent?

300 1251 397 1334 LXII.
441 1265 492 1334 Ad
512 1266 544 1332 id
566 1266 653 1358 quod
675 1290 733 1334 sua
754 1277 870 1358 sponte
891 1267 967 1336 satis
989 1265 1171 1334 conlectum
1192 1264 1317 1335 anima
1397 1329 1398 1336 ,

166 1385 286 1442 torum
309 1381 385 1455 erat,
405 1369 588 1462 indignitate
610 1371 706 1439 ctiam
726 1369 863 1438 Romani
885 1369 1147 1444 accendebantur.
1182 1369 1250 1438 iam
1274 1371 1317 1441 al-

211 1485 317 1542 terum
339 1475 514 1544 exercitum
540 1476 695 1544 notorem
719 1473 753 1544 in
779 1475 894 1543 urbem
920 1474 1110 1568 rediturum,
1142 1473 1203 1543 sibi
1227 1475 1315 1544 ultro

211 1602 270 1669 per
293 1579 501 1648 contumelias
523 1578 651 1648 hostem
668 1580 835 1650 insultare:
859 1579 987 1671 quando
1004 1590 1112 1648 autem
1133 1601 1180 1662 se,
1201 1578 1229 1646 si
1243 1590 1317 1650 tum

83 1747 86 1764 ,
212 1706 278 1750 non
299 1683 370 1765 sint,
391 1707 484 1774 pares
506 1682 651 1754 hostibus
673 1686 763 1754 fore?
789 1683 845 1750 ubi
865 1683 947 1752 haec
969 1683 1105 1752 fremere
1126 1683 1262 1752 militem
1282 1684 1317 1750 in

143 1833 146 1842 .
213 1786 323 1854 castris
346 1787 458 1854 consid
480 1789 587 1874 sensit,
609 1790 758 1858 contione
781 1789 936 1858 advocata
957 1813 1080 1880 „quern
1101 1788 1142 1856 ad
1156 1787 1316 1856 modum“

166 1906 200 1963 15
212 1890 315 1982 inquit
335 1890 391 1975 „in
404 1889 519 1982 Algido
541 1917 592 1961 res
614 1903 704 1984 gesta
725 1896 775 1982 sit
797 1892 931 1962 arbitror
952 1915 1013 1962 vos
1033 1891 1149 1967 milites
1172 1892 1315 1960 audisses

213 1995 345 2086 qualem
364 1993 456 2063 liberi
477 1996 589 2089 populi
611 1997 786 2066 exercitum
808 1996 1108 2081 decoramentis
1130 1996 1202 2066 tuit:
1242 2019 1317 2074 con-
1341 2031 1348 2044 ι

212 2098 299 2166 sulto
322 2098 464 2198 collegae
485 2099 601 2170 virtute
628 2100 764 2172 militum
791 2099 922 2173 victoria
949 2109 1040 2192 partu
1067 2111 1126 2172 est.
1164 2101 1254 2192 quod
1275 2101 1316 2169 ad

277 2329 354 2400 nius)
377 2329 562 2405 experiundo
585 2331 729 2406 udonese·
861 2341 942 2393 stare.
959 2361 994 2376 ·-
1020 2329 1081 2390 Ph:
1106 2331 1181 2408 quid
1196 2331 1315 2388 lotroci-

222 2437 236 2471 ι
275 2414 438 2476 ceratel’ld.
462 2415 730 2488 („Scbonhattosie
861 2422 905 2478 nii
924 2420 1024 2480 modo.
1042 2450 1074 2466 -
1098 2415 1174 2478 Laid.
1192 2437 1223 2478 t.=
1251 2419 1318 2496 quid
1376 2455 1381 2462 ·

274 2501 404 2562 Horatius
422 2503 550 2574 dodach,
568 2507 631 2564 dass
648 2510 688 2566 sie
699 2527 730 2564 es
859 2506 1002 2566 latrocinio
1020 2505 1101 2566 modo
1113 2516 1316 2584 procursantes·

275 2588 498 2667 aulStreifzugcn
506 2593 730 2652 mitdemFeindc
818 2625 823 2646 ι
862 2614 918 2673 que.
932 2603 1051 2652 tererent
1067 2591 1264 2674 tempus-P
1281 2613 1319 2654 m.

209 2669 215 2680 ¹
274 2677 469 2738 aulzuuahmeu
479 2689 584 2756 wogten
598 2682 653 2740 uud
666 2681 730 2740 dass
863 2685 904 2742 1.:
922 2691 1068 2742 terrerent.

274 2783 304 2820 er
330 2767 370 2823 sie
394 2767 424 2824 ln
449 2765 556 2824 llcioen
583 2767 731 2826 Gelechten
815 2772 845 2830 ⁷.
882 2772 955 2847 quin
984 2770 1032 2827 tlte·
1065 2768 1319 2848 congrederentur

276 2850 336 2908 sich
354 2852 427 2910 ihrer
438 2851 731 2913 Kraltbewusstwer·
863 2858 943 2914 acic.-
967 2855 994 2912 tl
1011 2873 1048 2914 m.
1066 2857 1092 2915 Μ.
1115 2885 1150 2898 -
1175 2853 1204 2913 Μ
1221 2875 1257 2914 ιιι.
1276 2856 1317 2912 1.:

278 2936 332 2994 den
343 2937 417 3008 beas,
432 2939 514 2997 dahiu'
525 2941 653 3016 gebracht
663 2945 730 3000 wie·
862 2943 913 3022 qui
930 2945 960 3000 ἰιι
977 2942 1026 3002 illi.
1044 2941 1096 3014 (cl.
1107 2945 1134 3012 3,
1147 2943 1191 3002 59.
1208 2940 1251 3000 hl:
1270 2942 1321 3020 qul

276 3021 327 3078 der
344 3023 491 3082 Vertrauen
515 3045 548 3083 zu
569 3029 628 3085 sich
646 3027 732 3086 selbst
862 3031 1043 3106 in=quin).
1070 3059 1105 3073 -
1130 3029 1166 3086 P:
1192 3030 1257 3110 quin
1278 3027 1322 3086 uli

276 3128 311 3164 uu
328 3107 419 3166 laaseu
436 3110 577 3168 andnicbt
589 3113 665 3170 mehr
682 3114 731 3172 des
863 3116 1058 3174 concredentur
1076 3118 1142 3177 acie.

277 3205 357 3253 uuter
378 3195 431 3254 deu
449 3197 610 3256 Decemvirn
631 3200 741 3271 arlitte-¹
803 3205 999 3263 tuconiam
1017 3205 1182 3262 aduocata:
1200 3202 1254 3262 ΡΜ.
1286 3201 1291 3211 ’

278 3301 333 3342 neu
355 3282 506 3363 Schiutplee
530 3287 677 3363 eingedculr
698 3309 732 3350 zu
803 3292 847 3351 16.
870 3293 1006 3349 conanlto
1029 3293 1179 3372 collegae.-
1205 3287 1279 3348 llarl.
1299 3309 1321 3350 1.

279 3373 385 3458 seint)
863 3377 941 3438 Laid.
959 3397 978 3438 r.
1001 3411 1036 3421 —
1066 3377 1101 3435 P:
1119 3376 1236 3449 „consul
1247 3397 1320 3450 eon·

234 3459 262 3517 ³.
280 3459 312 3515 r'n
329 3480 476 3518 summum
492 3462 583 3520 totius
597 3463 733 3537 prosece-
864 3464 928 3523 silto
939 3464 1135 3544 college“:sed
1145 3465 1237 3522 audem
1246 3483 1282 3524 m.
1294 3465 1322 3524 1.

230 3541 233 3557 ¹
275 3555 347 3602 rant
367 3550 446 3624 spei.-
467 3547 526 3608 ΡΜ.
542 3560 583 3592 ⁸·-
604 3547 681 3609 Lcid.
698 3569 731 3609 uz
862 3572 945 3633 supra
963 3556 1093 3631 scriptum
1116 3561 1159 3610 est
1174 3545 1349 3609 consilior'

280 3631 309 3686 iu
326 3651 438 3694 summa.
837 3647 840 3661 '
864 3649 892 3696 et
913 3659 950 3700 m.
972 3643 999 3700 b.
1022 3648 1181 3718 expunctum
1202 3639 1323 3698 consul.

224 3719 732 3784 -neooeaaauanrst’tt-Harlna
861 3725 902 3784 tl:
928 3726 1041 3786 consilio
1064 3725 1186 3784 consulto
1209 3722 1321 3800 college.

277 3823 312 3862 ne
329 3805 477 3867 marham
659 3821 663 3828 “
866 3811 902 3873 cl.
921 3815 947 3883 Ρ,
964 3817 1007 3872 7.=
1017 3815 1102 3892 fieri.

234 3891 260 3950 4.
277 3892 425 3952 lacessere
446 3903 538 3972 atque
554 3897 667 3956 irrotare
685 3917 732 3956 ro·
804 3899 847 3958 17.
884 3901 1010 3956 oratoria
1040 3910 1132 3978 parta
1167 3909 1227 3958 cet:
1261 3897 1322 3958 ΡΜ.

274 3980 422 4057 gitautes:
440 3980 676 4044 Pht-Hirtia
694 3983 733 4042 la·
864 3983 955 4043 Primo
979 3995 1069 4048 tamen
1089 3992 1119 4049 iu
1135 3985 1163 4048 Μ
1181 3995 1239 4046 erat
1252 4005 1320 4062 por-

279 4085 383 4126 cessere
411 4079 493 4148 atqua
518 4073 665 4148 rogitantes
691 4073 732 4132 in·
865 4082 898 4130 to
915 4083 970 4134 cst.
