<?xml version="1.0" encoding="UTF-8"?>
<!DOCTYPE html PUBLIC "-//W3C//DTD XHTML 1.0 Transitional//EN"
    "http://www.w3.org/TR/xhtml1/DTD/xhtml1-transitional.dtd">
<html xmlns="http://www.w3.org/1999/xhtml" xml:lang="en" lang="en">
 <head>
  <title>
</title>
<meta http-equiv="Content-Type" content="text/html;charset=utf-8" />
  <meta name='ocr-system' content='tesseract 3.04.00' />
  <meta name='ocr-capabilities' content='ocr_page ocr_carea ocr_par ocr_line ocrx_word'/>
</head>
<body>
  <div class='ocr_page' id='page_1' title='image "./titilivirerumro02alscgoog_0540.png"; bbox 0 0 2756 4720; ppageno 0'>
   <div class='ocr_carea' id='block_1_1' title="bbox 283 243 422 302">
    <p class='ocr_par' dir='ltr' id='par_1_1' title="bbox 283 243 422 302">
     <span class='ocr_line' id='line_1_1' title="bbox 283 243 422 302; baseline 0 -18"><span class='ocrx_word' id='word_1_1' title='bbox 283 243 422 302; x_wconf 33' lang='lat' dir='ltr'>x&#39;t</span> 
     </span>
    </p>
   </div>
   <div class='ocr_carea' id='block_1_2' title="bbox 487 229 1152 356">
    <p class='ocr_par' dir='ltr' id='par_1_2' title="bbox 487 229 1152 356">
     <span class='ocr_line' id='line_1_2' title="bbox 487 229 1152 356; baseline -0.011 0"><span class='ocrx_word' id='word_1_2' title='bbox 487 323 492 356; x_wconf 77' lang='lat'>.</span> <span class='ocrx_word' id='word_1_3' title='bbox 524 295 633 356; x_wconf 80' lang='lat' dir='ltr'>unm</span> <span class='ocrx_word' id='word_1_4' title='bbox 650 291 683 356; x_wconf 85' lang='lat' dir='ltr'>v.</span> <span class='ocrx_word' id='word_1_5' title='bbox 799 229 825 349; x_wconf 37' lang='lat' dir='ltr'>s</span> <span class='ocrx_word' id='word_1_6' title='bbox 1088 273 1152 349; x_wconf 76' lang='lat'>527</span> 
     </span>
    </p>
   </div>
   <div class='ocr_carea' id='block_1_3' title="bbox 37 456 1151 864">
    <p class='ocr_par' dir='ltr' id='par_1_3' title="bbox 37 456 1151 864">
     <span class='ocr_line' id='line_1_3' title="bbox 38 456 1151 553; baseline -0.004 -23"><span class='ocrx_word' id='word_1_7' title='bbox 38 462 144 530; x_wconf 82' lang='lat' dir='ltr'>refici</span> <span class='ocrx_word' id='word_1_8' title='bbox 169 463 342 553; x_wconf 80' lang='lat' dir='ltr'>apparebat</span> <span class='ocrx_word' id='word_1_9' title='bbox 362 460 405 528; x_wconf 83' lang='lat' dir='ltr'>L.</span> <span class='ocrx_word' id='word_1_10' title='bbox 428 458 581 528; x_wconf 79' lang='lat' dir='ltr'>Titinium</span> <span class='ocrx_word' id='word_1_11' title='bbox 608 456 649 526; x_wconf 71' lang='lat' dir='ltr'>P:</span> <span class='ocrx_word' id='word_1_12' title='bbox 668 457 830 528; x_wconf 83' lang='lat' dir='ltr'>Maenium</span> <span class='ocrx_word' id='word_1_13' title='bbox 857 459 893 528; x_wconf 91' lang='lat' dir='ltr'>P.</span> <span class='ocrx_word' id='word_1_14' title='bbox 916 457 1067 528; x_wconf 82' lang='lat' dir='ltr'>Maelium</span> <span class='ocrx_word' id='word_1_15' title='bbox 1093 457 1151 526; x_wconf 86' lang='lat' dir='ltr'>Cn.</span> 
     </span>
     <span class='ocr_line' id='line_1_4' title="bbox 39 564 1151 661; baseline -0.004 -27"><span class='ocrx_word' id='word_1_16' title='bbox 39 568 235 636; x_wconf 79' lang='lat' dir='ltr'>Genucium</span> <span class='ocrx_word' id='word_1_17' title='bbox 257 567 293 635; x_wconf 88' lang='lat' dir='ltr'>L.</span> <span class='ocrx_word' id='word_1_18' title='bbox 320 565 465 661; x_wconf 47' lang='lat' dir='ltr'>Atiliumr</span> <span class='ocrx_word' id='word_1_19' title='bbox 494 565 549 656; x_wconf 86' lang='lat' dir='ltr'>qui</span> <span class='ocrx_word' id='word_1_20' title='bbox 575 565 761 656; x_wconf 76' lang='lat' dir='ltr'>priusquam</span> <span class='ocrx_word' id='word_1_21' title='bbox 787 565 1052 648; x_wconf 73' lang='lat' dir='ltr'>renuntiarentur,</span> <span class='ocrx_word' id='word_1_22' title='bbox 1084 564 1151 658; x_wconf 80' lang='lat' dir='ltr'>iure</span> 
     </span>
     <span class='ocr_line' id='line_1_5' title="bbox 37 668 1151 764; baseline -0.005 -22"><span class='ocrx_word' id='word_1_23' title='bbox 37 673 175 745; x_wconf 86' lang='lat' dir='ltr'>voeatis</span> <span class='ocrx_word' id='word_1_24' title='bbox 204 671 349 744; x_wconf 87' lang='lat' dir='ltr'>tribubus</span> <span class='ocrx_word' id='word_1_25' title='bbox 376 671 535 764; x_wconf 87' lang='lat' dir='ltr'>permissu</span> <span class='ocrx_word' id='word_1_26' title='bbox 558 669 722 762; x_wconf 72' lang='lat' dir='ltr'>interregis</span> <span class='ocrx_word' id='word_1_27' title='bbox 749 671 785 737; x_wconf 92' lang='lat' dir='ltr'>P.</span> <span class='ocrx_word' id='word_1_28' title='bbox 808 668 944 738; x_wconf 84' lang='lat' dir='ltr'>Licinius</span> <span class='ocrx_word' id='word_1_29' title='bbox 968 670 1086 736; x_wconf 88' lang='lat' dir='ltr'>Calvus</span> <span class='ocrx_word' id='word_1_30' title='bbox 1105 671 1151 738; x_wconf 85' lang='lat' dir='ltr'>ita</span> 
     </span>
     <span class='ocr_line' id='line_1_6' title="bbox 37 767 1151 864; baseline -0.007 -16"><span class='ocrx_word' id='word_1_31' title='bbox 37 779 150 848; x_wconf 85' lang='lat' dir='ltr'>verba</span> <span class='ocrx_word' id='word_1_32' title='bbox 179 777 268 846; x_wconf 84' lang='lat' dir='ltr'>fecit:</span> <span class='ocrx_word' id='word_1_33' title='bbox 301 801 423 862; x_wconf 83' lang='lat' dir='ltr'>„omen</span> <span class='ocrx_word' id='word_1_34' title='bbox 449 767 798 864; x_wconf 48' lang='lat' dir='ltr'>concordiae‘Quirites</span> <span class='ocrx_word' id='word_1_35' title='bbox 820 815 864 826; x_wconf 86' lang='lat'>-</span> <span class='ocrx_word' id='word_1_36' title='bbox 885 772 931 841; x_wconf 89' lang='lat' dir='ltr'>rei</span> <span class='ocrx_word' id='word_1_37' title='bbox 957 769 1098 860; x_wconf 59' lang='lat' dir='ltr'>maxime</span> <span class='ocrx_word' id='word_1_38' title='bbox 1118 775 1151 841; x_wconf 88' lang='lat' dir='ltr'>in</span> 
     </span>
    </p>
   </div>
   <div class='ocr_carea' id='block_1_4' title="bbox 68 903 568 997">
    <p class='ocr_par' dir='ltr' id='par_1_4' title="bbox 68 903 568 997">
     <span class='ocr_line' id='line_1_7' title="bbox 68 903 568 997; baseline 0.006 -3"><span class='ocrx_word' id='word_1_39' title='bbox 68 938 94 995; x_wconf 88' lang='lat'>1.</span> <span class='ocrx_word' id='word_1_40' title='bbox 114 937 150 995; x_wconf 78' lang='lat' dir='ltr'>e.</span> <span class='ocrx_word' id='word_1_41' title='bbox 172 903 310 994; x_wconf 74' lang='lat' dir='ltr'>Turnum</span> <span class='ocrx_word' id='word_1_42' title='bbox 321 936 356 996; x_wconf 86' lang='lat' dir='ltr'>P.</span> <span class='ocrx_word' id='word_1_43' title='bbox 369 937 520 994; x_wconf 70' lang='lat' dir='ltr'>Maeniam</span> <span class='ocrx_word' id='word_1_44' title='bbox 533 937 568 997; x_wconf 83' lang='grc' dir='ltr'>Ρ.</span> 
     </span>
    </p>
   </div>
   <div class='ocr_carea' id='block_1_5' title="bbox 700 929 1151 992">
    <p class='ocr_par' dir='ltr' id='par_1_5' title="bbox 700 929 1151 992">
     <span class='ocr_line' id='line_1_8' title="bbox 700 929 1151 992; baseline -0.004 0"><span class='ocrx_word' id='word_1_45' title='bbox 700 937 762 992; x_wconf 79' lang='lat' dir='ltr'>uine</span> <span class='ocrx_word' id='word_1_46' title='bbox 789 934 870 990; x_wconf 83' lang='lat' dir='ltr'>suerit</span> <span class='ocrx_word' id='word_1_47' title='bbox 890 933 921 992; x_wconf 87' lang='lat' dir='ltr'>P.</span> <span class='ocrx_word' id='word_1_48' title='bbox 945 931 1045 990; x_wconf 88' lang='lat' dir='ltr'>Licinii</span> <span class='ocrx_word' id='word_1_49' title='bbox 1074 929 1151 990; x_wconf 84' lang='lat' dir='ltr'>Calvi</span> 
     </span>
    </p>
   </div>
   <div class='ocr_carea' id='block_1_6' title="bbox 32 1023 568 1452">
    <p class='ocr_par' dir='ltr' id='par_1_6' title="bbox 32 1023 568 1452">
     <span class='ocr_line' id='line_1_9' title="bbox 107 1023 568 1104; baseline 0.011 -25"><span class='ocrx_word' id='word_1_50' title='bbox 107 1023 257 1104; x_wconf 19' lang='lat' dir='ltr'>‹lluelium</span> <span class='ocrx_word' id='word_1_51' title='bbox 280 1025 332 1082; x_wconf 79' lang='lat' dir='ltr'>Cu.</span> <span class='ocrx_word' id='word_1_52' title='bbox 351 1025 512 1082; x_wconf 79' lang='lat' dir='ltr'>Genucium</span> <span class='ocrx_word' id='word_1_53' title='bbox 533 1025 568 1084; x_wconf 81' lang='lat' dir='ltr'>L.</span> 
     </span>
     <span class='ocr_line' id='line_1_10' title="bbox 114 1111 567 1192; baseline 0.004 -24"><span class='ocrx_word' id='word_1_54' title='bbox 114 1113 247 1171; x_wconf 83' lang='lat' dir='ltr'>Atilium.</span> <span class='ocrx_word' id='word_1_55' title='bbox 260 1143 294 1156; x_wconf 92' lang='lat'>-·</span> <span class='ocrx_word' id='word_1_56' title='bbox 305 1111 342 1170; x_wconf 83' lang='lat' dir='ltr'>P:</span> <span class='ocrx_word' id='word_1_57' title='bbox 360 1111 379 1168; x_wconf 92' lang='lat' dir='ltr'>l.</span> <span class='ocrx_word' id='word_1_58' title='bbox 394 1113 522 1170; x_wconf 80' lang='lat' dir='ltr'>titinium.</span> <span class='ocrx_word' id='word_1_59' title='bbox 541 1120 567 1192; x_wconf 79' lang='lat' dir='ltr'>p.</span> 
     </span>
     <span class='ocr_line' id='line_1_11' title="bbox 113 1191 568 1275; baseline 0.009 -21"><span class='ocrx_word' id='word_1_60' title='bbox 113 1202 256 1260; x_wconf 86' lang='lat' dir='ltr'>maenium.</span> <span class='ocrx_word' id='word_1_61' title='bbox 268 1211 310 1260; x_wconf 78' lang='lat' dir='ltr'>e&#39;ri.</span> <span class='ocrx_word' id='word_1_62' title='bbox 322 1203 472 1275; x_wconf 81' lang='lat' dir='ltr'>genecium.</span> <span class='ocrx_word' id='word_1_63' title='bbox 487 1199 507 1261; x_wconf 90' lang='lat' dir='ltr'>l,</span> <span class='ocrx_word' id='word_1_64' title='bbox 519 1191 568 1258; x_wconf 62' lang='lat' dir='ltr'>atii</span> 
     </span>
     <span class='ocr_line' id='line_1_12' title="bbox 32 1284 567 1368; baseline 0.011 -27"><span class='ocrx_word' id='word_1_65' title='bbox 32 1309 49 1314; x_wconf 89' lang='lat'><em>·</em></span> <span class='ocrx_word' id='word_1_66' title='bbox 113 1284 189 1346; x_wconf 89' lang='lat' dir='ltr'>lium.</span> <span class='ocrx_word' id='word_1_67' title='bbox 212 1321 246 1330; x_wconf 86' lang='lat'><em>—</em></span> <span class='ocrx_word' id='word_1_68' title='bbox 271 1287 312 1347; x_wconf 82' lang='lat' dir='ltr'>lii:</span> <span class='ocrx_word' id='word_1_69' title='bbox 333 1287 356 1348; x_wconf 67' lang='lat' dir='ltr'>l.=</span> <span class='ocrx_word' id='word_1_70' title='bbox 375 1289 521 1348; x_wconf 85' lang='lat' dir='ltr'>titilinium.</span> <span class='ocrx_word' id='word_1_71' title='bbox 540 1295 567 1368; x_wconf 78' lang='lat' dir='ltr'>p.</span> 
     </span>
     <span class='ocr_line' id='line_1_13' title="bbox 112 1375 566 1452; baseline 0.007 -23"><span class='ocrx_word' id='word_1_72' title='bbox 112 1375 257 1434; x_wconf 85' lang='lat' dir='ltr'>moenium.</span> <span class='ocrx_word' id='word_1_73' title='bbox 276 1386 318 1436; x_wconf 73' lang='lat' dir='ltr'>en.</span> <span class='ocrx_word' id='word_1_74' title='bbox 336 1397 388 1452; x_wconf 79' lang='lat' dir='ltr'>gen</span> <span class='ocrx_word' id='word_1_75' title='bbox 399 1384 474 1435; x_wconf 68' lang='lat' dir='ltr'>usin.</span> <span class='ocrx_word' id='word_1_76' title='bbox 485 1376 505 1436; x_wconf 88' lang='lat' dir='ltr'>l.</span> <span class='ocrx_word' id='word_1_77' title='bbox 517 1378 566 1432; x_wconf 87' lang='lat' dir='ltr'>ati-</span> 
     </span>
    </p>
   </div>
   <div class='ocr_carea' id='block_1_7' title="bbox 7 1460 567 1608">
    <p class='ocr_par' dir='ltr' id='par_1_7' title="bbox 7 1460 567 1608">
     <span class='ocr_line' id='line_1_14' title="bbox 7 1460 566 1548; baseline 0.005 -31"><span class='ocrx_word' id='word_1_78' title='bbox 7 1489 23 1548; x_wconf 25' lang='lat' dir='ltr'>y·</span> <span class='ocrx_word' id='word_1_79' title='bbox 112 1460 188 1522; x_wconf 81' lang='lat' dir='ltr'>lium.</span> <span class='ocrx_word' id='word_1_80' title='bbox 201 1497 234 1505; x_wconf 94' lang='lat'>-</span> <span class='ocrx_word' id='word_1_81' title='bbox 253 1463 380 1540; x_wconf 82' lang='lat' dir='ltr'>Sigonius</span> <span class='ocrx_word' id='word_1_82' title='bbox 392 1463 427 1521; x_wconf 86' lang='lat' dir='ltr'>ad</span> <span class='ocrx_word' id='word_1_83' title='bbox 437 1463 473 1523; x_wconf 89' lang='lat' dir='ltr'>P.</span> <span class='ocrx_word' id='word_1_84' title='bbox 486 1465 566 1520; x_wconf 79' lang='lat' dir='ltr'>Mne·</span> 
     </span>
     <span class='ocr_line' id='line_1_15' title="bbox 111 1549 567 1608; baseline 0 -3"><span class='ocrx_word' id='word_1_85' title='bbox 111 1553 194 1606; x_wconf 87' lang='lat' dir='ltr'>nium</span> <span class='ocrx_word' id='word_1_86' title='bbox 220 1549 285 1606; x_wconf 86' lang='lat' dir='ltr'>addi</span> <span class='ocrx_word' id='word_1_87' title='bbox 313 1549 400 1608; x_wconf 79' lang='lat' dir='ltr'>voluit</span> <span class='ocrx_word' id='word_1_88' title='bbox 425 1555 459 1608; x_wconf 89' lang='lat' dir='ltr'>P.</span> <span class='ocrx_word' id='word_1_89' title='bbox 486 1551 567 1606; x_wconf 80' lang='lat' dir='ltr'>Muc-</span> 
     </span>
    </p>
   </div>
   <div class='ocr_carea' id='block_1_8' title="bbox 56 1637 567 2328">
    <p class='ocr_par' dir='ltr' id='par_1_8' title="bbox 56 1637 567 2328">
     <span class='ocr_line' id='line_1_16' title="bbox 110 1637 567 1714; baseline -0.004 -20"><span class='ocrx_word' id='word_1_90' title='bbox 110 1641 198 1706; x_wconf 87' lang='lat' dir='ltr'>lium‚</span> <span class='ocrx_word' id='word_1_91' title='bbox 226 1637 300 1714; x_wconf 73' lang='lat' dir='ltr'>qnod</span> <span class='ocrx_word' id='word_1_92' title='bbox 323 1647 351 1694; x_wconf 79' lang='lat' dir='ltr'>et</span> <span class='ocrx_word' id='word_1_93' title='bbox 369 1637 415 1692; x_wconf 91' lang='lat' dir='ltr'>ille</span> <span class='ocrx_word' id='word_1_94' title='bbox 432 1639 503 1693; x_wconf 84' lang='lat' dir='ltr'>inter</span> <span class='ocrx_word' id='word_1_95' title='bbox 519 1638 567 1693; x_wconf 84' lang='lat' dir='ltr'>tri·</span> 
     </span>
     <span class='ocr_line' id='line_1_17' title="bbox 111 1721 567 1791; baseline 0 -11"><span class='ocrx_word' id='word_1_96' title='bbox 111 1725 200 1782; x_wconf 85' lang='lat' dir='ltr'>bunos</span> <span class='ocrx_word' id='word_1_97' title='bbox 219 1721 276 1782; x_wconf 78' lang='lat' dir='ltr'>ciris</span> <span class='ocrx_word' id='word_1_98' title='bbox 294 1727 357 1782; x_wconf 86' lang='lat' dir='ltr'>anni</span> <span class='ocrx_word' id='word_1_99' title='bbox 376 1724 479 1791; x_wconf 84' lang='lat' dir='ltr'>luisset,</span> <span class='ocrx_word' id='word_1_100' title='bbox 497 1725 567 1780; x_wconf 82' lang='lat' dir='ltr'>eiur-</span> 
     </span>
     <span class='ocr_line' id='line_1_18' title="bbox 112 1810 566 1892; baseline 0.011 -24"><span class='ocrx_word' id='word_1_101' title='bbox 112 1832 167 1890; x_wconf 81' lang='lat' dir='ltr'>que</span> <span class='ocrx_word' id='word_1_102' title='bbox 176 1833 275 1888; x_wconf 75' lang='lat' dir='ltr'>nomen</span> <span class='ocrx_word' id='word_1_103' title='bbox 285 1813 357 1892; x_wconf 84' lang='lat' dir='ltr'>apurl</span> <span class='ocrx_word' id='word_1_104' title='bbox 368 1810 476 1869; x_wconf 80' lang='lat' dir='ltr'>Livium</span> <span class='ocrx_word' id='word_1_105' title='bbox 486 1813 512 1879; x_wconf 86' lang='lat'>5,</span> <span class='ocrx_word' id='word_1_106' title='bbox 523 1814 566 1872; x_wconf 70' lang='lat'>12.</span> 
     </span>
     <span class='ocr_line' id='line_1_19' title="bbox 110 1900 566 1960; baseline 0 -2"><span class='ocrx_word' id='word_1_107' title='bbox 110 1901 144 1958; x_wconf 89' lang='lat' dir='ltr'>in·</span> <span class='ocrx_word' id='word_1_108' title='bbox 158 1901 283 1956; x_wconf 88' lang='lat' dir='ltr'>omnibus</span> <span class='ocrx_word' id='word_1_109' title='bbox 301 1900 382 1960; x_wconf 86' lang='lat' dir='ltr'><strong>codd.</strong></span> <span class='ocrx_word' id='word_1_110' title='bbox 394 1901 566 1958; x_wconf 87' lang='lat' dir='ltr'>inveniretur.</span> 
     </span>
     <span class='ocr_line' id='line_1_20' title="bbox 108 1979 564 2064; baseline 0 -23"><span class='ocrx_word' id='word_1_111' title='bbox 108 1979 202 2045; x_wconf 76' lang='lat' dir='ltr'>verum</span> <span class='ocrx_word' id='word_1_112' title='bbox 227 2008 386 2064; x_wconf 86' lang='lat' dir='ltr'>quamquam</span> <span class='ocrx_word' id='word_1_113' title='bbox 408 1990 441 2058; x_wconf 83' lang='lat'>5,</span> <span class='ocrx_word' id='word_1_114' title='bbox 465 1989 508 2042; x_wconf 77' lang='lat' dir='ltr'>ri.</span> <span class='ocrx_word' id='word_1_115' title='bbox 530 1991 564 2047; x_wconf 86' lang='lat' dir='ltr'>P.</span> 
     </span>
     <span class='ocr_line' id='line_1_21' title="bbox 110 2074 565 2134; baseline 0 -4"><span class='ocrx_word' id='word_1_116' title='bbox 110 2074 246 2132; x_wconf 81' lang='lat' dir='ltr'>Maeliia</span> <span class='ocrx_word' id='word_1_117' title='bbox 267 2075 354 2133; x_wconf 51' lang='lat' dir='ltr'>Livio¹</span> <span class='ocrx_word' id='word_1_118' title='bbox 369 2085 443 2134; x_wconf 86' lang='lat' dir='ltr'>reete</span> <span class='ocrx_word' id='word_1_119' title='bbox 464 2077 565 2132; x_wconf 83' lang='lat' dir='ltr'>mentio</span> 
     </span>
     <span class='ocr_line' id='line_1_22' title="bbox 110 2160 564 2232; baseline 0.009 -14"><span class='ocrx_word' id='word_1_120' title='bbox 110 2160 180 2218; x_wconf 79' lang='lat' dir='ltr'>iacta</span> <span class='ocrx_word' id='word_1_121' title='bbox 199 2172 254 2232; x_wconf 81' lang='lat' dir='ltr'>cst,</span> <span class='ocrx_word' id='word_1_122' title='bbox 278 2171 366 2222; x_wconf 83' lang='lat' dir='ltr'>tamen</span> <span class='ocrx_word' id='word_1_123' title='bbox 384 2163 431 2220; x_wconf 90' lang='lat' dir='ltr'>ilio</span> <span class='ocrx_word' id='word_1_124' title='bbox 448 2161 511 2219; x_wconf 88' lang='lat' dir='ltr'>loco</span> <span class='ocrx_word' id='word_1_125' title='bbox 528 2163 564 2222; x_wconf 90' lang='lat' dir='ltr'>P.</span> 
     </span>
     <span class='ocr_line' id='line_1_23' title="bbox 56 2243 566 2328; baseline 0.02 -27"><span class='ocrx_word' id='word_1_126' title='bbox 56 2297 58 2301; x_wconf 80' lang='grc'>,</span> <span class='ocrx_word' id='word_1_127' title='bbox 110 2243 261 2308; x_wconf 81' lang='lat' dir='ltr'>Maeuium</span> <span class='ocrx_word' id='word_1_128' title='bbox 283 2271 333 2308; x_wconf 84' lang='lat' dir='ltr'>nec</span> <span class='ocrx_word' id='word_1_129' title='bbox 360 2251 433 2328; x_wconf 86' lang='lat' dir='ltr'>apud</span> <span class='ocrx_word' id='word_1_130' title='bbox 457 2251 566 2310; x_wconf 80' lang='lat' dir='ltr'>Livium</span> 
     </span>
    </p>
   </div>
   <div class='ocr_carea' id='block_1_9' title="bbox 107 2336 576 2412">
    <p class='ocr_par' dir='ltr' id='par_1_9' title="bbox 107 2336 576 2412">
     <span class='ocr_line' id='line_1_24' title="bbox 107 2336 576 2412; baseline 0.006 -21"><span class='ocrx_word' id='word_1_131' title='bbox 107 2355 159 2392; x_wconf 86' lang='lat' dir='ltr'>nee</span> <span class='ocrx_word' id='word_1_132' title='bbox 180 2336 252 2412; x_wconf 83' lang='lat' dir='ltr'>apud</span> <span class='ocrx_word' id='word_1_133' title='bbox 271 2338 423 2396; x_wconf 84' lang='lat' dir='ltr'>Diodorum</span> <span class='ocrx_word' id='word_1_134' title='bbox 448 2343 498 2407; x_wconf 85' lang='grc'>14,</span> <span class='ocrx_word' id='word_1_135' title='bbox 519 2341 576 2400; x_wconf 79' lang='grc'>47.“</span> 
     </span>
    </p>
   </div>
   <div class='ocr_carea' id='block_1_10' title="bbox 110 2422 565 2582">
    <p class='ocr_par' dir='ltr' id='par_1_10' title="bbox 110 2422 565 2582">
     <span class='ocr_line' id='line_1_25' title="bbox 111 2422 565 2483; baseline 0.009 -6"><span class='ocrx_word' id='word_1_136' title='bbox 111 2426 314 2479; x_wconf 87' lang='lat' dir='ltr'>commemorari</span> <span class='ocrx_word' id='word_1_137' title='bbox 326 2423 345 2482; x_wconf 92' lang='lat' dir='ltr'>l.</span> <span class='ocrx_word' id='word_1_138' title='bbox 356 2422 375 2483; x_wconf 87' lang='lat' dir='ltr'>l.</span> <span class='ocrx_word' id='word_1_139' title='bbox 388 2424 565 2482; x_wconf 82' lang='lat' dir='ltr'>ostendimur.</span> 
     </span>
     <span class='ocr_line' id='line_1_26' title="bbox 110 2509 565 2582; baseline 0.009 -19"><span class='ocrx_word' id='word_1_140' title='bbox 110 2527 170 2564; x_wconf 88' lang='lat' dir='ltr'>cum</span> <span class='ocrx_word' id='word_1_141' title='bbox 188 2509 270 2582; x_wconf 78' lang='lat' dir='ltr'>igitur</span> <span class='ocrx_word' id='word_1_142' title='bbox 286 2529 341 2564; x_wconf 91' lang='lat' dir='ltr'>non</span> <span class='ocrx_word' id='word_1_143' title='bbox 359 2512 498 2567; x_wconf 83' lang='lat' dir='ltr'>Maenius</span> <span class='ocrx_word' id='word_1_144' title='bbox 515 2510 565 2568; x_wconf 78' lang='lat' dir='ltr'>seri</span> 
     </span>
    </p>
   </div>
   <div class='ocr_carea' id='block_1_11' title="bbox 107 2595 567 2751">
    <p class='ocr_par' dir='ltr' id='par_1_11' title="bbox 107 2595 567 2751">
     <span class='ocr_line' id='line_1_27' title="bbox 107 2595 565 2666; baseline 0.004 -14"><span class='ocrx_word' id='word_1_145' title='bbox 107 2595 242 2652; x_wconf 60' lang='lat' dir='ltr'>illaulius</span> <span class='ocrx_word' id='word_1_146' title='bbox 263 2595 334 2652; x_wconf 81' lang='lat' dir='ltr'>inter</span> <span class='ocrx_word' id='word_1_147' title='bbox 353 2597 477 2654; x_wconf 84' lang='lat' dir='ltr'>tribunos</span> <span class='ocrx_word' id='word_1_148' title='bbox 500 2598 565 2666; x_wconf 79' lang='lat' dir='ltr'>anni</span> 
     </span>
     <span class='ocr_line' id='line_1_28' title="bbox 107 2681 567 2751; baseline 0.007 -12"><span class='ocrx_word' id='word_1_149' title='bbox 107 2684 169 2739; x_wconf 77' lang='grc'><strong>354.</strong></span> <span class='ocrx_word' id='word_1_150' title='bbox 192 2701 218 2742; x_wconf 84' lang='grc' dir='ltr'>ιι.</span> <span class='ocrx_word' id='word_1_151' title='bbox 237 2701 261 2738; x_wconf 86' lang='lat' dir='ltr'>e.</span> <span class='ocrx_word' id='word_1_152' title='bbox 284 2681 382 2751; x_wconf 77' lang='lat' dir='ltr'>luerit‚&#39;</span> <span class='ocrx_word' id='word_1_153' title='bbox 400 2682 435 2743; x_wconf 92' lang='lat' dir='ltr'>P.</span> <span class='ocrx_word' id='word_1_154' title='bbox 454 2685 567 2742; x_wconf 81' lang='lat' dir='ltr'>Maeuii</span> 
     </span>
    </p>
   </div>
   <div class='ocr_carea' id='block_1_12' title="bbox 107 2768 573 2842">
    <p class='ocr_par' dir='ltr' id='par_1_12' title="bbox 107 2768 573 2842">
     <span class='ocr_line' id='line_1_29' title="bbox 107 2768 573 2842; baseline 0.009 -18"><span class='ocrx_word' id='word_1_155' title='bbox 107 2789 207 2827; x_wconf 89' lang='lat' dir='ltr'>nomen</span> <span class='ocrx_word' id='word_1_156' title='bbox 235 2787 269 2825; x_wconf 88' lang='lat' dir='ltr'>ex</span> <span class='ocrx_word' id='word_1_157' title='bbox 294 2769 347 2826; x_wconf 89' lang='lat' dir='ltr'>boc</span> <span class='ocrx_word' id='word_1_158' title='bbox 374 2768 436 2827; x_wconf 89' lang='lat' dir='ltr'>loco</span> <span class='ocrx_word' id='word_1_159' title='bbox 464 2773 497 2842; x_wconf 88' lang='lat'>5,</span> <span class='ocrx_word' id='word_1_160' title='bbox 521 2773 573 2838; x_wconf 64' lang='grc' dir='ltr'>18.ι</span> 
     </span>
    </p>
   </div>
   <div class='ocr_carea' id='block_1_13' title="bbox 109 2858 564 3110">
    <p class='ocr_par' dir='ltr' id='par_1_13' title="bbox 109 2858 564 3110">
     <span class='ocr_line' id='line_1_30' title="bbox 109 2858 563 2936; baseline 0.009 -24"><span class='ocrx_word' id='word_1_161' title='bbox 109 2859 189 2915; x_wconf 81' lang='lat' dir='ltr'>etiam</span> <span class='ocrx_word' id='word_1_162' title='bbox 207 2858 236 2914; x_wconf 89' lang='lat' dir='ltr'>in</span> <span class='ocrx_word' id='word_1_163' title='bbox 253 2858 371 2936; x_wconf 87' lang='lat' dir='ltr'>priorem</span> <span class='ocrx_word' id='word_1_164' title='bbox 382 2861 512 2934; x_wconf 83' lang='lat' dir='ltr'>migrasse</span> <span class='ocrx_word' id='word_1_165' title='bbox 522 2861 563 2916; x_wconf 85' lang='lat' dir='ltr'>vi·</span> 
     </span>
     <span class='ocr_line' id='line_1_31' title="bbox 110 2942 564 3023; baseline 0.004 -21"><span class='ocrx_word' id='word_1_166' title='bbox 110 2943 213 3004; x_wconf 79' lang='lat' dir='ltr'>deutur.</span> <span class='ocrx_word' id='word_1_167' title='bbox 248 2942 341 3023; x_wconf 82' lang='lat' dir='ltr'>Itaque</span> <span class='ocrx_word' id='word_1_168' title='bbox 360 2945 429 3004; x_wconf 85' lang='lat' dir='ltr'>duae</span> <span class='ocrx_word' id='word_1_169' title='bbox 445 2947 564 3004; x_wconf 82' lang='lat' dir='ltr'>rationes</span> 
     </span>
     <span class='ocr_line' id='line_1_32' title="bbox 109 3031 564 3110; baseline 0.007 -23"><span class='ocrx_word' id='word_1_170' title='bbox 109 3031 188 3088; x_wconf 87' lang='lat' dir='ltr'>buius</span> <span class='ocrx_word' id='word_1_171' title='bbox 216 3031 272 3091; x_wconf 89' lang='lat' dir='ltr'>loci</span> <span class='ocrx_word' id='word_1_172' title='bbox 302 3032 464 3110; x_wconf 76' lang='lat' dir='ltr'>expediendi</span> <span class='ocrx_word' id='word_1_173' title='bbox 499 3033 564 3090; x_wconf 87' lang='lat' dir='ltr'>iniri</span> 
     </span>
    </p>
   </div>
   <div class='ocr_carea' id='block_1_14' title="bbox 108 3105 614 3194">
    <p class='ocr_par' dir='ltr' id='par_1_14' title="bbox 108 3105 614 3194">
     <span class='ocr_line' id='line_1_33' title="bbox 108 3105 614 3194; baseline 0.01 -21"><span class='ocrx_word' id='word_1_174' title='bbox 108 3127 231 3194; x_wconf 84' lang='lat' dir='ltr'>possunt,</span> <span class='ocrx_word' id='word_1_175' title='bbox 247 3128 277 3176; x_wconf 83' lang='lat' dir='ltr'>ut</span> <span class='ocrx_word' id='word_1_176' title='bbox 288 3130 334 3177; x_wconf 82' lang='lat' dir='ltr'>aut</span> <span class='ocrx_word' id='word_1_177' title='bbox 345 3121 372 3190; x_wconf 89' lang='lat'>5,</span> <span class='ocrx_word' id='word_1_178' title='bbox 386 3124 427 3178; x_wconf 81' lang='lat'>18.</span> <span class='ocrx_word' id='word_1_179' title='bbox 441 3122 469 3176; x_wconf 92' lang='lat' dir='ltr'>in</span> <span class='ocrx_word' id='word_1_180' title='bbox 481 3119 563 3179; x_wconf 82' lang='lat' dir='ltr'>codri.</span> <span class='ocrx_word' id='word_1_181' title='bbox 581 3105 583 3120; x_wconf 45' lang='grc' dir='ltr'>Ι</span> <span class='ocrx_word' id='word_1_182' title='bbox 610 3173 614 3178; x_wconf 94' lang='grc'><strong>.</strong></span> 
     </span>
    </p>
   </div>
   <div class='ocr_carea' id='block_1_15' title="bbox 110 3204 563 3284">
    <p class='ocr_par' dir='ltr' id='par_1_15' title="bbox 110 3204 563 3284">
     <span class='ocr_line' id='line_1_34' title="bbox 110 3204 563 3284; baseline 0.013 -24"><span class='ocrx_word' id='word_1_183' title='bbox 110 3204 145 3262; x_wconf 92' lang='lat' dir='ltr'>P.</span> <span class='ocrx_word' id='word_1_184' title='bbox 170 3207 319 3263; x_wconf 82' lang='lat' dir='ltr'>Maeuium</span> <span class='ocrx_word' id='word_1_185' title='bbox 346 3209 477 3284; x_wconf 84' lang='lat' dir='ltr'>seriptum</span> <span class='ocrx_word' id='word_1_186' title='bbox 500 3227 563 3266; x_wconf 85' lang='lat' dir='ltr'>ceu·</span> 
     </span>
    </p>
   </div>
   <div class='ocr_carea' id='block_1_16' title="bbox 107 3285 578 3369">
    <p class='ocr_par' dir='ltr' id='par_1_16' title="bbox 107 3285 578 3369">
     <span class='ocr_line' id='line_1_35' title="bbox 107 3285 578 3369; baseline 0.004 -21"><span class='ocrx_word' id='word_1_187' title='bbox 107 3309 213 3348; x_wconf 84' lang='lat' dir='ltr'>scamus</span> <span class='ocrx_word' id='word_1_188' title='bbox 235 3295 282 3369; x_wconf 87' lang='lat' dir='ltr'>qui</span> <span class='ocrx_word' id='word_1_189' title='bbox 294 3293 334 3352; x_wconf 87' lang='grc' dir='ltr'>Ῥ.</span> <span class='ocrx_word' id='word_1_190' title='bbox 352 3295 483 3351; x_wconf 77' lang='lat' dir='ltr'>Maelius</span> <span class='ocrx_word' id='word_1_191' title='bbox 506 3285 578 3350; x_wconf 50' lang='lat' dir='ltr'>ius-¹</span> 
     </span>
    </p>
   </div>
   <div class='ocr_carea' id='block_1_17' title="bbox 108 3380 562 3458">
    <p class='ocr_par' dir='ltr' id='par_1_17' title="bbox 108 3380 562 3458">
     <span class='ocr_line' id='line_1_36' title="bbox 108 3380 562 3458; baseline 0.011 -26"><span class='ocrx_word' id='word_1_192' title='bbox 108 3385 159 3446; x_wconf 85' lang='lat' dir='ltr'>rat,</span> <span class='ocrx_word' id='word_1_193' title='bbox 172 3381 329 3453; x_wconf 87' lang='lat' dir='ltr'>praesertim</span> <span class='ocrx_word' id='word_1_194' title='bbox 340 3395 402 3437; x_wconf 85' lang='lat' dir='ltr'>cum</span> <span class='ocrx_word' id='word_1_195' title='bbox 411 3380 484 3458; x_wconf 81' lang='lat' dir='ltr'>apud</span> <span class='ocrx_word' id='word_1_196' title='bbox 494 3380 562 3437; x_wconf 86' lang='lat' dir='ltr'>Dio-</span> 
     </span>
    </p>
   </div>
   <div class='ocr_carea' id='block_1_18' title="bbox 108 3463 563 3628">
    <p class='ocr_par' dir='ltr' id='par_1_18' title="bbox 108 3463 563 3628">
     <span class='ocr_line' id='line_1_37' title="bbox 109 3463 563 3534; baseline 0.009 -14"><span class='ocrx_word' id='word_1_197' title='bbox 109 3463 206 3521; x_wconf 86' lang='lat' dir='ltr'>dorum</span> <span class='ocrx_word' id='word_1_198' title='bbox 225 3467 274 3534; x_wconf 89' lang='grc'>14,</span> <span class='ocrx_word' id='word_1_199' title='bbox 291 3471 335 3527; x_wconf 86' lang='grc'>89.</span> <span class='ocrx_word' id='word_1_200' title='bbox 358 3487 414 3524; x_wconf 92' lang='lat' dir='ltr'>non</span> <span class='ocrx_word' id='word_1_201' title='bbox 434 3467 563 3526; x_wconf 76' lang='lat' dir='ltr'>Publius</span> 
     </span>
     <span class='ocr_line' id='line_1_38' title="bbox 108 3549 561 3628; baseline 0.02 -23"><span class='ocrx_word' id='word_1_202' title='bbox 108 3549 156 3607; x_wconf 80' lang='lat' dir='ltr'>sed</span> <span class='ocrx_word' id='word_1_203' title='bbox 176 3551 305 3628; x_wconf 75' lang='lat' dir='ltr'>Quintus</span> <span class='ocrx_word' id='word_1_204' title='bbox 322 3555 460 3612; x_wconf 78' lang='lat' dir='ltr'>Maenius</span> <span class='ocrx_word' id='word_1_205' title='bbox 482 3562 510 3610; x_wconf 80' lang='lat' dir='ltr'>et</span> <span class='ocrx_word' id='word_1_206' title='bbox 526 3554 561 3613; x_wconf 90' lang='lat' dir='ltr'>P.</span> 
     </span>
    </p>
   </div>
   <div class='ocr_carea' id='block_1_19' title="bbox 109 3637 594 3709">
    <p class='ocr_par' dir='ltr' id='par_1_19' title="bbox 109 3637 594 3709">
     <span class='ocr_line' id='line_1_39' title="bbox 109 3637 594 3709; baseline 0.012 -17"><span class='ocrx_word' id='word_1_207' title='bbox 109 3637 238 3694; x_wconf 83' lang='lat' dir='ltr'>Maelius</span> <span class='ocrx_word' id='word_1_208' title='bbox 261 3641 333 3697; x_wconf 80' lang='lat' dir='ltr'>inber</span> <span class='ocrx_word' id='word_1_209' title='bbox 351 3642 476 3697; x_wconf 83' lang='lat' dir='ltr'>tribunos</span> <span class='ocrx_word' id='word_1_210' title='bbox 493 3641 561 3698; x_wconf 86' lang='lat' dir='ltr'>reie-</span> <span class='ocrx_word' id='word_1_211' title='bbox 590 3701 594 3709; x_wconf 79' lang='lat'><em>.</em></span> 
     </span>
    </p>
   </div>
   <div class='ocr_carea' id='block_1_20' title="bbox 37 3712 562 3802">
    <p class='ocr_par' dir='ltr' id='par_1_20' title="bbox 37 3712 562 3802">
     <span class='ocr_line' id='line_1_40' title="bbox 37 3712 562 3802; baseline 0.017 -27"><span class='ocrx_word' id='word_1_212' title='bbox 37 3735 40 3743; x_wconf 91' lang='grc'><strong><em>·</em></strong></span> <span class='ocrx_word' id='word_1_213' title='bbox 103 3731 211 3778; x_wconf 82' lang='lat' dir='ltr'>rantur:</span> <span class='ocrx_word' id='word_1_214' title='bbox 230 3733 276 3782; x_wconf 88' lang='lat' dir='ltr'>aut</span> <span class='ocrx_word' id='word_1_215' title='bbox 284 3736 323 3792; x_wconf 35' lang='lat' dir='ltr'>lut</span> <span class='ocrx_word' id='word_1_216' title='bbox 335 3735 361 3782; x_wconf 79' lang='lat' dir='ltr'>et</span> <span class='ocrx_word' id='word_1_217' title='bbox 373 3712 522 3802; x_wconf 67' lang='lat' dir='ltr'>Muenium</span> <span class='ocrx_word' id='word_1_218' title='bbox 534 3735 562 3784; x_wconf 83' lang='lat' dir='ltr'>et</span> 
     </span>
    </p>
   </div>
   <div class='ocr_carea' id='block_1_21' title="bbox 14 3806 562 3872">
    <p class='ocr_par' dir='ltr' id='par_1_21' title="bbox 14 3806 562 3872">
     <span class='ocr_line' id='line_1_41' title="bbox 14 3806 562 3872; baseline 0.015 -10"><span class='ocrx_word' id='word_1_219' title='bbox 14 3829 18 3838; x_wconf 62' lang='grc'><em>’</em></span> <span class='ocrx_word' id='word_1_220' title='bbox 108 3809 248 3866; x_wconf 81' lang='lat' dir='ltr'>Maelium</span> <span class='ocrx_word' id='word_1_221' title='bbox 269 3806 382 3870; x_wconf 65' lang='lat' dir='ltr'>alnisio¹</span> <span class='ocrx_word' id='word_1_222' title='bbox 404 3815 562 3872; x_wconf 76' lang='lat' dir='ltr'>arbitremur</span> 
     </span>
    </p>
   </div>
   <div class='ocr_carea' id='block_1_22' title="bbox 107 3898 562 4224">
    <p class='ocr_par' dir='ltr' id='par_1_22' title="bbox 107 3898 562 4224">
     <span class='ocr_line' id='line_1_42' title="bbox 107 3898 562 3979; baseline 0.015 -28"><span class='ocrx_word' id='word_1_223' title='bbox 107 3898 247 3973; x_wconf 81' lang='lat' dir='ltr'>scriptum,</span> <span class='ocrx_word' id='word_1_224' title='bbox 264 3899 338 3977; x_wconf 85' lang='lat' dir='ltr'>quod</span> <span class='ocrx_word' id='word_1_225' title='bbox 349 3920 443 3958; x_wconf 87' lang='lat' dir='ltr'>omnes</span> <span class='ocrx_word' id='word_1_226' title='bbox 455 3921 503 3958; x_wconf 88' lang='lat' dir='ltr'>eos</span> <span class='ocrx_word' id='word_1_227' title='bbox 515 3903 562 3979; x_wconf 89' lang='lat' dir='ltr'>qui</span> 
     </span>
     <span class='ocr_line' id='line_1_43' title="bbox 108 3985 561 4056; baseline 0.011 -17"><span class='ocrx_word' id='word_1_228' title='bbox 108 3985 209 4041; x_wconf 84' lang='lat' dir='ltr'>tribuni</span> <span class='ocrx_word' id='word_1_229' title='bbox 225 3985 282 4045; x_wconf 86' lang='lat' dir='ltr'>mil.</span> <span class='ocrx_word' id='word_1_230' title='bbox 307 4007 340 4046; x_wconf 86' lang='lat' dir='ltr'>eo</span> <span class='ocrx_word' id='word_1_231' title='bbox 364 3989 561 4056; x_wconf 75' lang='lat' dir='ltr'>remiserint,</span> 
     </span>
     <span class='ocr_line' id='line_1_44' title="bbox 109 4069 560 4134; baseline 0.018 -8"><span class='ocrx_word' id='word_1_232' title='bbox 109 4069 203 4128; x_wconf 89' lang='lat' dir='ltr'>eodem</span> <span class='ocrx_word' id='word_1_233' title='bbox 224 4070 287 4130; x_wconf 89' lang='lat' dir='ltr'>Ioco</span> <span class='ocrx_word' id='word_1_234' title='bbox 302 4069 447 4134; x_wconf 68' lang='lat' dir='ltr'>&#39;nominare</span> <span class='ocrx_word' id='word_1_235' title='bbox 468 4075 560 4134; x_wconf 83' lang='lat' dir='ltr'>volue-</span> 
     </span>
     <span class='ocr_line' id='line_1_45' title="bbox 109 4157 558 4224; baseline 0.02 -14"><span class='ocrx_word' id='word_1_236' title='bbox 109 4159 151 4224; x_wconf 80' lang='lat' dir='ltr'>rit,</span> <span class='ocrx_word' id='word_1_237' title='bbox 161 4157 225 4217; x_wconf 81' lang='lat' dir='ltr'>lieet</span> <span class='ocrx_word' id='word_1_238' title='bbox 236 4179 307 4220; x_wconf 80' lang='lat' dir='ltr'>enno</span> <span class='ocrx_word' id='word_1_239' title='bbox 319 4165 380 4222; x_wconf 82' lang='grc'><strong>354.</strong></span> <span class='ocrx_word' id='word_1_240' title='bbox 391 4163 479 4222; x_wconf 85' lang='lat' dir='ltr'>nullus</span> <span class='ocrx_word' id='word_1_241' title='bbox 489 4161 558 4221; x_wconf 81' lang='lat' dir='ltr'>lilae-</span> 
     </span>
    </p>
   </div>
   <div class='ocr_carea' id='block_1_23' title="bbox 638 1019 1152 1098">
    <p class='ocr_par' dir='ltr' id='par_1_23' title="bbox 638 1019 1152 1098">
     <span class='ocr_line' id='line_1_46' title="bbox 638 1019 1152 1098; baseline -0.006 -19"><span class='ocrx_word' id='word_1_242' title='bbox 638 1039 643 1046; x_wconf 84' lang='lat'>·</span> <span class='ocrx_word' id='word_1_243' title='bbox 701 1021 811 1098; x_wconf 81' lang='lat' dir='ltr'>collega.</span> <span class='ocrx_word' id='word_1_244' title='bbox 851 1019 937 1090; x_wconf 84' lang='lat' dir='ltr'>simili</span> <span class='ocrx_word' id='word_1_245' title='bbox 964 1023 1034 1078; x_wconf 86' lang='lat' dir='ltr'>enim</span> <span class='ocrx_word' id='word_1_246' title='bbox 1062 1040 1152 1077; x_wconf 86' lang='lat' dir='ltr'>errore</span> 
     </span>
    </p>
   </div>
   <div class='ocr_carea' id='block_1_24' title="bbox 700 1105 1152 1170">
    <p class='ocr_par' dir='ltr' id='par_1_24' title="bbox 700 1105 1152 1170">
     <span class='ocr_line' id='line_1_47' title="bbox 700 1105 1152 1170; baseline -0.002 -2"><span class='ocrx_word' id='word_1_247' title='bbox 700 1105 780 1168; x_wconf 82' lang='lat' dir='ltr'>etiem</span> <span class='ocrx_word' id='word_1_248' title='bbox 804 1112 856 1168; x_wconf 79' lang='lat' dir='ltr'>Cn.</span> <span class='ocrx_word' id='word_1_249' title='bbox 881 1111 1042 1170; x_wconf 69' lang='lat' dir='ltr'>Genucium</span> <span class='ocrx_word' id='word_1_250' title='bbox 1068 1117 1095 1164; x_wconf 83' lang='lat' dir='ltr'>et</span> <span class='ocrx_word' id='word_1_251' title='bbox 1117 1107 1152 1167; x_wconf 80' lang='lat' dir='ltr'>L.</span> 
     </span>
    </p>
   </div>
   <div class='ocr_carea' id='block_1_25' title="bbox 654 1198 1152 1274">
    <p class='ocr_par' dir='ltr' id='par_1_25' title="bbox 654 1198 1152 1274">
     <span class='ocr_line' id='line_1_48' title="bbox 654 1198 1152 1274; baseline -0.01 -17"><span class='ocrx_word' id='word_1_252' title='bbox 654 1222 659 1232; x_wconf 57' lang='lat'>⁵</span> <span class='ocrx_word' id='word_1_253' title='bbox 700 1200 827 1257; x_wconf 78' lang='lat' dir='ltr'>Atilium</span> <span class='ocrx_word' id='word_1_254' title='bbox 853 1199 988 1265; x_wconf 82' lang='lat' dir='ltr'>nominat,</span> <span class='ocrx_word' id='word_1_255' title='bbox 1020 1198 1067 1274; x_wconf 86' lang='lat' dir='ltr'>qui</span> <span class='ocrx_word' id='word_1_256' title='bbox 1097 1213 1152 1252; x_wconf 89' lang='lat' dir='ltr'>nou</span> 
     </span>
    </p>
   </div>
   <div class='ocr_carea' id='block_1_26' title="bbox 699 1283 1153 1622">
    <p class='ocr_par' dir='ltr' id='par_1_26' title="bbox 699 1283 1153 1622">
     <span class='ocr_line' id='line_1_49' title="bbox 699 1283 1152 1356; baseline -0.009 -12"><span class='ocrx_word' id='word_1_257' title='bbox 699 1305 760 1344; x_wconf 86' lang='lat' dir='ltr'>cum</span> <span class='ocrx_word' id='word_1_258' title='bbox 781 1284 813 1347; x_wconf 92' lang='lat' dir='ltr'>P.</span> <span class='ocrx_word' id='word_1_259' title='bbox 835 1283 944 1344; x_wconf 82' lang='lat' dir='ltr'>Licinio</span> <span class='ocrx_word' id='word_1_260' title='bbox 970 1284 1074 1356; x_wconf 80' lang='lat' dir='ltr'>Calvo,</span> <span class='ocrx_word' id='word_1_261' title='bbox 1102 1283 1152 1340; x_wconf 83' lang='lat' dir='ltr'>seri</span> 
     </span>
     <span class='ocr_line' id='line_1_50' title="bbox 699 1371 1152 1450; baseline -0.007 -19"><span class='ocrx_word' id='word_1_262' title='bbox 699 1395 761 1432; x_wconf 87' lang='lat' dir='ltr'>cum</span> <span class='ocrx_word' id='word_1_263' title='bbox 782 1373 817 1434; x_wconf 83' lang='lat' dir='ltr'>M.</span> <span class='ocrx_word' id='word_1_264' title='bbox 841 1373 954 1432; x_wconf 84' lang='lat' dir='ltr'>Veturio</span> <span class='ocrx_word' id='word_1_265' title='bbox 974 1371 1011 1434; x_wconf 83' lang='lat' dir='ltr'>lii.</span> <span class='ocrx_word' id='word_1_266' title='bbox 1033 1372 1152 1450; x_wconf 83' lang='lat' dir='ltr'>Pompu-</span> 
     </span>
     <span class='ocr_line' id='line_1_51' title="bbox 700 1459 1152 1519; baseline -0.002 -2"><span class='ocrx_word' id='word_1_267' title='bbox 700 1463 746 1517; x_wconf 89' lang='lat' dir='ltr'>nio</span> <span class='ocrx_word' id='word_1_268' title='bbox 766 1459 816 1519; x_wconf 89' lang='lat' dir='ltr'>Cn.</span> <span class='ocrx_word' id='word_1_269' title='bbox 834 1460 929 1518; x_wconf 88' lang='lat' dir='ltr'>Duilio</span> <span class='ocrx_word' id='word_1_270' title='bbox 947 1460 1082 1518; x_wconf 86' lang='lat' dir='ltr'>Volerone</span> <span class='ocrx_word' id='word_1_271' title='bbox 1099 1459 1152 1516; x_wconf 91' lang='lat' dir='ltr'>Pu-</span> 
     </span>
     <span class='ocr_line' id='line_1_52' title="bbox 699 1547 1153 1622; baseline -0.004 -18"><span class='ocrx_word' id='word_1_272' title='bbox 699 1549 777 1605; x_wconf 91' lang='lat' dir='ltr'>blilio</span> <span class='ocrx_word' id='word_1_273' title='bbox 811 1547 976 1605; x_wconf 83' lang='lat' dir='ltr'>tribunatum</span> <span class='ocrx_word' id='word_1_274' title='bbox 1016 1556 1153 1622; x_wconf 78' lang='lat' dir='ltr'>gesserant</span> 
     </span>
    </p>
   </div>
   <div class='ocr_carea' id='block_1_27' title="bbox 678 1636 1257 1800">
    <p class='ocr_par' dir='ltr' id='par_1_27' title="bbox 678 1636 1257 1800">
     <span class='ocr_line' id='line_1_53' title="bbox 678 1636 1151 1706; baseline -0.006 -14"><span class='ocrx_word' id='word_1_275' title='bbox 678 1637 748 1706; x_wconf 68' lang='lat' dir='ltr'>lb,</span> <span class='ocrx_word' id='word_1_276' title='bbox 772 1637 845 1706; x_wconf 82' lang='lat'>13.):</span> <span class='ocrx_word' id='word_1_277' title='bbox 874 1636 951 1692; x_wconf 81' lang='lat' dir='ltr'>cuius</span> <span class='ocrx_word' id='word_1_278' title='bbox 972 1637 1012 1690; x_wconf 90' lang='lat' dir='ltr'>rei</span> <span class='ocrx_word' id='word_1_279' title='bbox 1034 1655 1151 1697; x_wconf 88' lang='lat' dir='ltr'>errorem</span> 
     </span>
     <span class='ocr_line' id='line_1_54' title="bbox 699 1717 1257 1800; baseline -0.013 -17"><span class='ocrx_word' id='word_1_280' title='bbox 699 1723 807 1783; x_wconf 80' lang='lat' dir='ltr'>videtur</span> <span class='ocrx_word' id='word_1_281' title='bbox 832 1721 862 1780; x_wconf 86' lang='lat' dir='ltr'>id</span> <span class='ocrx_word' id='word_1_282' title='bbox 885 1721 1055 1800; x_wconf 81' lang='lat' dir='ltr'>praebuisse,</span> <span class='ocrx_word' id='word_1_283' title='bbox 1077 1722 1153 1800; x_wconf 83' lang='lat' dir='ltr'>qnod</span> <span class='ocrx_word' id='word_1_284' title='bbox 1245 1717 1257 1734; x_wconf 76' lang='lat'><em>⁴</em></span> 
     </span>
    </p>
   </div>
   <div class='ocr_carea' id='block_1_28' title="bbox 696 1808 1152 1976">
    <p class='ocr_par' dir='ltr' id='par_1_28' title="bbox 696 1808 1152 1976">
     <span class='ocr_line' id='line_1_55' title="bbox 696 1808 1152 1888; baseline -0.002 -21"><span class='ocrx_word' id='word_1_285' title='bbox 696 1819 803 1888; x_wconf 75' lang='lat' dir='ltr'>praeter</span> <span class='ocrx_word' id='word_1_286' title='bbox 812 1808 850 1870; x_wconf 79' lang='lat' dir='ltr'>il.</span> <span class='ocrx_word' id='word_1_287' title='bbox 861 1809 1000 1868; x_wconf 81' lang='lat' dir='ltr'>Veturium</span> <span class='ocrx_word' id='word_1_288' title='bbox 1016 1830 1110 1870; x_wconf 83' lang='lat' dir='ltr'>omnes</span> <span class='ocrx_word' id='word_1_289' title='bbox 1122 1811 1152 1868; x_wconf 91' lang='lat' dir='ltr'>bi</span> 
     </span>
     <span class='ocr_line' id='line_1_56' title="bbox 696 1898 921 1976; baseline 0.013 -20"><span class='ocrx_word' id='word_1_290' title='bbox 696 1898 797 1976; x_wconf 89' lang='lat' dir='ltr'>plebeii</span> <span class='ocrx_word' id='word_1_291' title='bbox 814 1899 921 1958; x_wconf 84' lang='lat' dir='ltr'>luerint.</span> 
     </span>
    </p>
   </div>
   <div class='ocr_carea' id='block_1_29' title="bbox 653 1981 1285 2046">
    <p class='ocr_par' dir='ltr' id='par_1_29' title="bbox 653 1981 1285 2046">
     <span class='ocr_line' id='line_1_57' title="bbox 653 1981 1285 2046; baseline 0.006 -4"><span class='ocrx_word' id='word_1_292' title='bbox 653 1989 680 2046; x_wconf 70' lang='lat'>2.</span> <span class='ocrx_word' id='word_1_293' title='bbox 699 1989 763 2044; x_wconf 82' lang='lat' dir='ltr'>iure</span> <span class='ocrx_word' id='word_1_294' title='bbox 782 1988 895 2043; x_wconf 80' lang='lat' dir='ltr'>uocatis</span> <span class='ocrx_word' id='word_1_295' title='bbox 907 1985 1055 2042; x_wconf 80' lang='lat' dir='ltr'>tribubus:</span> <span class='ocrx_word' id='word_1_296' title='bbox 1073 1981 1103 2043; x_wconf 86' lang='lat' dir='ltr'>P.</span> <span class='ocrx_word' id='word_1_297' title='bbox 1117 2017 1150 2026; x_wconf 89' lang='lat'><em>-</em></span> <span class='ocrx_word' id='word_1_298' title='bbox 1173 2013 1174 2016; x_wconf 43' lang='lat'>¹</span> <span class='ocrx_word' id='word_1_299' title='bbox 1276 2035 1285 2046; x_wconf 88' lang='grc'><strong><em>,</em></strong></span> 
     </span>
    </p>
   </div>
   <div class='ocr_carea' id='block_1_30' title="bbox 695 2073 1197 2327">
    <p class='ocr_par' dir='ltr' id='par_1_30' title="bbox 695 2073 1197 2327">
     <span class='ocr_line' id='line_1_58' title="bbox 698 2073 1152 2152; baseline -0.009 -19"><span class='ocrx_word' id='word_1_300' title='bbox 698 2073 802 2133; x_wconf 76' lang='lat' dir='ltr'>Mziure</span> <span class='ocrx_word' id='word_1_301' title='bbox 809 2075 912 2131; x_wconf 82' lang='lat' dir='ltr'>uocatis</span> <span class='ocrx_word' id='word_1_302' title='bbox 918 2073 1041 2130; x_wconf 79' lang='lat' dir='ltr'>tribunus</span> <span class='ocrx_word' id='word_1_303' title='bbox 1045 2075 1152 2152; x_wconf 76' lang='lat' dir='ltr'>pmissu</span> 
     </span>
     <span class='ocr_line' id='line_1_59' title="bbox 697 2160 1197 2237; baseline -0.012 -18"><span class='ocrx_word' id='word_1_304' title='bbox 697 2164 838 2237; x_wconf 80' lang='lat' dir='ltr'>interregis</span> <span class='ocrx_word' id='word_1_305' title='bbox 864 2163 884 2221; x_wconf 88' lang='lat' dir='ltr'>l.</span> <span class='ocrx_word' id='word_1_306' title='bbox 910 2163 1021 2219; x_wconf 87' lang='lat' dir='ltr'>licinius</span> <span class='ocrx_word' id='word_1_307' title='bbox 1049 2160 1152 2218; x_wconf 81' lang='lat' dir='ltr'>saluus.</span> <span class='ocrx_word' id='word_1_308' title='bbox 1191 2207 1197 2213; x_wconf 93' lang='lat'><em>.</em></span> 
     </span>
     <span class='ocr_line' id='line_1_60' title="bbox 695 2248 1154 2327; baseline -0.007 -20"><span class='ocrx_word' id='word_1_309' title='bbox 695 2248 732 2318; x_wconf 80' lang='lat' dir='ltr'>P:</span> <span class='ocrx_word' id='word_1_310' title='bbox 749 2251 871 2327; x_wconf 88' lang='lat' dir='ltr'>permisu</span> <span class='ocrx_word' id='word_1_311' title='bbox 893 2251 1033 2325; x_wconf 79' lang='lat' dir='ltr'>interregis</span> <span class='ocrx_word' id='word_1_312' title='bbox 1054 2251 1074 2307; x_wconf 92' lang='lat' dir='ltr'>l.</span> <span class='ocrx_word' id='word_1_313' title='bbox 1092 2251 1154 2306; x_wconf 83' lang='lat' dir='ltr'>lici·</span> 
     </span>
    </p>
   </div>
   <div class='ocr_carea' id='block_1_31' title="bbox 682 2335 1153 2396">
    <p class='ocr_par' dir='ltr' id='par_1_31' title="bbox 682 2335 1153 2396">
     <span class='ocr_line' id='line_1_61' title="bbox 682 2335 1153 2396; baseline 0.011 -7"><span class='ocrx_word' id='word_1_314' title='bbox 682 2340 760 2394; x_wconf 83' lang='lat' dir='ltr'>nius</span> <span class='ocrx_word' id='word_1_315' title='bbox 785 2336 887 2396; x_wconf 81' lang='lat' dir='ltr'>culeus.</span> <span class='ocrx_word' id='word_1_316' title='bbox 910 2369 945 2380; x_wconf 83' lang='lat'><em>-</em></span> <span class='ocrx_word' id='word_1_317' title='bbox 969 2337 1039 2396; x_wconf 85' lang='lat' dir='ltr'>Cum</span> <span class='ocrx_word' id='word_1_318' title='bbox 1057 2340 1086 2394; x_wconf 88' lang='lat' dir='ltr'>iu</span> <span class='ocrx_word' id='word_1_319' title='bbox 1102 2335 1153 2394; x_wconf 79' lang='lat' dir='ltr'>Pil</span> 
     </span>
    </p>
   </div>
   <div class='ocr_carea' id='block_1_32' title="bbox 694 2423 1216 2743">
    <p class='ocr_par' dir='ltr' id='par_1_32' title="bbox 694 2423 1216 2743">
     <span class='ocr_line' id='line_1_62' title="bbox 697 2423 1152 2483; baseline -0.002 -2"><span class='ocrx_word' id='word_1_320' title='bbox 697 2423 775 2483; x_wconf 84' lang='lat' dir='ltr'>Leid.</span> <span class='ocrx_word' id='word_1_321' title='bbox 793 2445 811 2483; x_wconf 90' lang='lat'>1.</span> <span class='ocrx_word' id='word_1_322' title='bbox 829 2424 863 2483; x_wconf 90' lang='lat' dir='ltr'>al.</span> <span class='ocrx_word' id='word_1_323' title='bbox 887 2443 942 2480; x_wconf 93' lang='lat' dir='ltr'>non</span> <span class='ocrx_word' id='word_1_324' title='bbox 959 2424 1085 2482; x_wconf 85' lang='lat' dir='ltr'>Publius</span> <span class='ocrx_word' id='word_1_325' title='bbox 1103 2425 1152 2481; x_wconf 83' lang='lat' dir='ltr'>sed</span> 
     </span>
     <span class='ocr_line' id='line_1_63' title="bbox 697 2510 1151 2587; baseline -0.004 -19"><span class='ocrx_word' id='word_1_326' title='bbox 697 2512 718 2568; x_wconf 85' lang='lat' dir='ltr'>l.</span> <span class='ocrx_word' id='word_1_327' title='bbox 741 2512 860 2567; x_wconf 86' lang='lat' dir='ltr'>licinius</span> <span class='ocrx_word' id='word_1_328' title='bbox 883 2513 1013 2587; x_wconf 87' lang='lat' dir='ltr'>scriptum</span> <span class='ocrx_word' id='word_1_329' title='bbox 1036 2515 1084 2580; x_wconf 80' lang='lat' dir='ltr'>sit,</span> <span class='ocrx_word' id='word_1_330' title='bbox 1105 2510 1151 2567; x_wconf 86' lang='lat' dir='ltr'>Li-</span> 
     </span>
     <span class='ocr_line' id='line_1_64' title="bbox 694 2596 1216 2676; baseline 0 -22"><span class='ocrx_word' id='word_1_331' title='bbox 694 2599 767 2656; x_wconf 84' lang='lat' dir='ltr'>vium</span> <span class='ocrx_word' id='word_1_332' title='bbox 776 2597 802 2656; x_wconf 89' lang='lat' dir='ltr'>h.</span> <span class='ocrx_word' id='word_1_333' title='bbox 814 2596 832 2654; x_wconf 94' lang='lat' dir='ltr'>l.</span> <span class='ocrx_word' id='word_1_334' title='bbox 845 2616 1009 2673; x_wconf 82' lang='lat' dir='ltr'>praenomen</span> <span class='ocrx_word' id='word_1_335' title='bbox 1021 2600 1071 2658; x_wconf 89' lang='lat' dir='ltr'>riri</span> <span class='ocrx_word' id='word_1_336' title='bbox 1084 2601 1149 2656; x_wconf 88' lang='lat' dir='ltr'>omi·</span> <span class='ocrx_word' id='word_1_337' title='bbox 1215 2671 1216 2676; x_wconf 7' lang='grc' dir='ltr'>ἵ</span> 
     </span>
     <span class='ocr_line' id='line_1_65' title="bbox 695 2683 1060 2743; baseline 0.008 -3"><span class='ocrx_word' id='word_1_338' title='bbox 695 2683 1060 2743; x_wconf 53' lang='lat' dir='ltr'>mfflffiffl.</span> 
     </span>
    </p>
   </div>
   <div class='ocr_carea' id='block_1_33' title="bbox 652 2771 1264 2936">
    <p class='ocr_par' dir='ltr' id='par_1_33' title="bbox 652 2771 1264 2936">
     <span class='ocr_line' id='line_1_66' title="bbox 652 2771 1151 2848; baseline 0.002 -21"><span class='ocrx_word' id='word_1_339' title='bbox 652 2772 680 2831; x_wconf 89' lang='grc'>4.</span> <span class='ocrx_word' id='word_1_340' title='bbox 702 2789 787 2828; x_wconf 84' lang='lat' dir='ltr'>omen</span> <span class='ocrx_word' id='word_1_341' title='bbox 813 2772 993 2832; x_wconf 78' lang='lat' dir='ltr'>concordiae</span> <span class='ocrx_word' id='word_1_342' title='bbox 1020 2771 1151 2848; x_wconf 73' lang='lat' dir='ltr'>Quirites</span> 
     </span>
     <span class='ocr_line' id='line_1_67' title="bbox 697 2845 1264 2936; baseline 0.004 -22"><span class='ocrx_word' id='word_1_343' title='bbox 697 2861 743 2916; x_wconf 82' lang='lat' dir='ltr'>rei</span> <span class='ocrx_word' id='word_1_344' title='bbox 758 2861 889 2915; x_wconf 79' lang='lat' dir='ltr'>maxime</span> <span class='ocrx_word' id='word_1_345' title='bbox 907 2862 937 2914; x_wconf 88' lang='lat' dir='ltr'>iu</span> <span class='ocrx_word' id='word_1_346' title='bbox 961 2858 1017 2916; x_wconf 79' lang='lat' dir='ltr'>lios</span> <span class='ocrx_word' id='word_1_347' title='bbox 1036 2869 1151 2936; x_wconf 83' lang='lat' dir='ltr'>tempus</span> <span class='ocrx_word' id='word_1_348' title='bbox 1215 2922 1219 2932; x_wconf 34' lang='lat'><strong><em>¹</em></strong></span> <span class='ocrx_word' id='word_1_349' title='bbox 1248 2845 1264 2870; x_wconf 59' lang='grc'><em>“</em></span> 
     </span>
    </p>
   </div>
   <div class='ocr_carea' id='block_1_34' title="bbox 694 2944 1207 3470">
    <p class='ocr_par' dir='ltr' id='par_1_34' title="bbox 695 2944 1188 3106">
     <span class='ocr_line' id='line_1_68' title="bbox 698 2944 1181 3018; baseline 0.002 -15"><span class='ocrx_word' id='word_1_350' title='bbox 698 2947 796 3003; x_wconf 83' lang='lat' dir='ltr'>utilis:</span> <span class='ocrx_word' id='word_1_351' title='bbox 813 2944 890 3018; x_wconf 64' lang='lat' dir='ltr'>Ale]</span> <span class='ocrx_word' id='word_1_352' title='bbox 901 2965 979 3003; x_wconf 89' lang='lat' dir='ltr'>omen</span> <span class='ocrx_word' id='word_1_353' title='bbox 989 2947 1150 3004; x_wconf 84' lang='lat' dir='ltr'>concordiae</span> <span class='ocrx_word' id='word_1_354' title='bbox 1179 2963 1181 2973; x_wconf 91' lang='grc'><strong><em>·</em></strong></span> 
     </span>
     <span class='ocr_line' id='line_1_69' title="bbox 695 3020 1188 3106; baseline 0.004 -17"><span class='ocrx_word' id='word_1_355' title='bbox 695 3020 1188 3106; x_wconf 56' lang='lat' dir='ltr'>-mmmmffln.</span> 
     </span>
    </p>

    <p class='ocr_par' dir='ltr' id='par_1_35' title="bbox 694 3119 1207 3470">
     <span class='ocr_line' id='line_1_70' title="bbox 699 3119 1207 3198; baseline 0 -20"><span class='ocrx_word' id='word_1_356' title='bbox 699 3153 731 3164; x_wconf 95' lang='lat'><em>-</em></span> <span class='ocrx_word' id='word_1_357' title='bbox 753 3119 793 3178; x_wconf 86' lang='lat' dir='ltr'>P:</span> <span class='ocrx_word' id='word_1_358' title='bbox 816 3139 923 3179; x_wconf 87' lang='lat' dir='ltr'>omnem</span> <span class='ocrx_word' id='word_1_359' title='bbox 945 3123 1107 3180; x_wconf 84' lang='lat' dir='ltr'>concordiae</span> <span class='ocrx_word' id='word_1_360' title='bbox 1130 3130 1148 3198; x_wconf 69' lang='lat' dir='ltr'>r]</span> <span class='ocrx_word' id='word_1_361' title='bbox 1199 3147 1207 3163; x_wconf 47' lang='lat' dir='ltr'>x</span> 
     </span>
     <span class='ocr_line' id='line_1_71' title="bbox 694 3208 1149 3282; baseline -0.009 -16"><span class='ocrx_word' id='word_1_362' title='bbox 694 3211 736 3266; x_wconf 87' lang='lat' dir='ltr'>rei</span> <span class='ocrx_word' id='word_1_363' title='bbox 753 3211 869 3266; x_wconf 84' lang='lat' dir='ltr'>maxime</span> <span class='ocrx_word' id='word_1_364' title='bbox 886 3211 915 3264; x_wconf 89' lang='lat' dir='ltr'>iu</span> <span class='ocrx_word' id='word_1_365' title='bbox 933 3208 986 3263; x_wconf 85' lang='lat' dir='ltr'>boe</span> <span class='ocrx_word' id='word_1_366' title='bbox 1001 3217 1107 3282; x_wconf 85' lang='lat' dir='ltr'>tempus</span> <span class='ocrx_word' id='word_1_367' title='bbox 1119 3216 1149 3262; x_wconf 88' lang='lat' dir='ltr'>ut</span> 
     </span>
     <span class='ocr_line' id='line_1_72' title="bbox 695 3293 1149 3372; baseline 0.007 -21"><span class='ocrx_word' id='word_1_368' title='bbox 695 3295 745 3355; x_wconf 89' lang='lat' dir='ltr'>illi.</span> <span class='ocrx_word' id='word_1_369' title='bbox 771 3294 812 3352; x_wconf 78' lang='lat' dir='ltr'>bi:</span> <span class='ocrx_word' id='word_1_370' title='bbox 838 3313 917 3352; x_wconf 86' lang='lat' dir='ltr'>omen</span> <span class='ocrx_word' id='word_1_371' title='bbox 932 3293 1103 3352; x_wconf 81' lang='lat' dir='ltr'>concordiae.</span> <span class='ocrx_word' id='word_1_372' title='bbox 1121 3299 1149 3372; x_wconf 73' lang='lat' dir='ltr'>q.</span> 
     </span>
     <span class='ocr_line' id='line_1_73' title="bbox 695 3381 1149 3470; baseline -0.009 -30"><span class='ocrx_word' id='word_1_373' title='bbox 695 3389 718 3442; x_wconf 70' lang='lat' dir='ltr'>i.</span> <span class='ocrx_word' id='word_1_374' title='bbox 737 3383 777 3437; x_wconf 86' lang='lat' dir='ltr'>rei</span> <span class='ocrx_word' id='word_1_375' title='bbox 794 3383 908 3438; x_wconf 82' lang='lat' dir='ltr'>maxime</span> <span class='ocrx_word' id='word_1_376' title='bbox 925 3381 954 3436; x_wconf 88' lang='lat' dir='ltr'>in</span> <span class='ocrx_word' id='word_1_377' title='bbox 973 3381 1026 3436; x_wconf 87' lang='lat' dir='ltr'>hoe</span> <span class='ocrx_word' id='word_1_378' title='bbox 1042 3389 1149 3470; x_wconf 74' lang='lat' dir='ltr'>tempus</span> 
     </span>
    </p>
   </div>
   <div class='ocr_carea' id='block_1_35' title="bbox 673 3465 1149 3546">
    <p class='ocr_par' dir='ltr' id='par_1_36' title="bbox 673 3465 1149 3546">
     <span class='ocr_line' id='line_1_74' title="bbox 673 3465 1149 3546; baseline -0.004 -21"><span class='ocrx_word' id='word_1_379' title='bbox 673 3502 677 3510; x_wconf 53' lang='grc' dir='ltr'><em>ι</em></span> <span class='ocrx_word' id='word_1_380' title='bbox 694 3465 1149 3546; x_wconf 80' lang='lat' dir='ltr'>utilli-Drakenborebiusomen</span> 
     </span>
    </p>
   </div>
   <div class='ocr_carea' id='block_1_36' title="bbox 691 3556 1163 4243">
    <p class='ocr_par' dir='ltr' id='par_1_37' title="bbox 691 3556 1163 4243">
     <span class='ocr_line' id='line_1_75' title="bbox 695 3556 1148 3634; baseline -0.007 -22"><span class='ocrx_word' id='word_1_381' title='bbox 695 3556 872 3614; x_wconf 78' lang='lat' dir='ltr'>concordiae</span> <span class='ocrx_word' id='word_1_382' title='bbox 889 3557 1018 3634; x_wconf 85' lang='lat' dir='ltr'>scriptum</span> <span class='ocrx_word' id='word_1_383' title='bbox 1036 3556 1148 3632; x_wconf 81' lang='lat' dir='ltr'>putavit,</span> 
     </span>
     <span class='ocr_line' id='line_1_76' title="bbox 695 3642 1147 3712; baseline -0.004 -13"><span class='ocrx_word' id='word_1_384' title='bbox 695 3651 725 3699; x_wconf 86' lang='lat' dir='ltr'>ut</span> <span class='ocrx_word' id='word_1_385' title='bbox 742 3642 763 3700; x_wconf 94' lang='lat' dir='ltr'>l.</span> <span class='ocrx_word' id='word_1_386' title='bbox 782 3642 825 3702; x_wconf 78' lang='lat' dir='ltr'>l&#39;r.</span> <span class='ocrx_word' id='word_1_387' title='bbox 844 3643 928 3702; x_wconf 88' lang='lat' dir='ltr'>Gron.</span> <span class='ocrx_word' id='word_1_388' title='bbox 946 3647 979 3712; x_wconf 82' lang='lat'>3,</span> <span class='ocrx_word' id='word_1_389' title='bbox 992 3643 1040 3701; x_wconf 83' lang='grc'>46.</span> <span class='ocrx_word' id='word_1_390' title='bbox 1065 3643 1147 3700; x_wconf 88' lang='lat' dir='ltr'>scribi</span> 
     </span>
     <span class='ocr_line' id='line_1_77' title="bbox 692 3728 1147 3806; baseline -0.009 -19"><span class='ocrx_word' id='word_1_391' title='bbox 692 3728 780 3787; x_wconf 85' lang='lat' dir='ltr'>voluit</span> <span class='ocrx_word' id='word_1_392' title='bbox 790 3729 904 3798; x_wconf 84' lang='lat' dir='ltr'>„locum</span> <span class='ocrx_word' id='word_1_393' title='bbox 916 3730 1059 3800; x_wconf 64' lang='lat' dir='ltr'>seditioni</span> <span class='ocrx_word' id='word_1_394' title='bbox 1066 3749 1147 3806; x_wconf 85' lang='lat' dir='ltr'>quae-</span> 
     </span>
     <span class='ocr_line' id='line_1_78' title="bbox 693 3815 1147 3894; baseline -0.004 -21"><span class='ocrx_word' id='word_1_395' title='bbox 693 3823 783 3888; x_wconf 76' lang='lat' dir='ltr'>rere“‚</span> <span class='ocrx_word' id='word_1_396' title='bbox 802 3835 960 3894; x_wconf 87' lang='lat' dir='ltr'>quamquam</span> <span class='ocrx_word' id='word_1_397' title='bbox 978 3815 1016 3871; x_wconf 91' lang='lat' dir='ltr'>ibi</span> <span class='ocrx_word' id='word_1_398' title='bbox 1029 3817 1147 3885; x_wconf 73' lang='lat' dir='ltr'>sedilio-</span> 
     </span>
     <span class='ocr_line' id='line_1_79' title="bbox 694 3899 1147 3983; baseline -0.009 -24"><span class='ocrx_word' id='word_1_399' title='bbox 694 3907 742 3960; x_wconf 87' lang='lat' dir='ltr'>nis</span> <span class='ocrx_word' id='word_1_400' title='bbox 760 3906 931 3983; x_wconf 76' lang='lat' dir='ltr'>antiquorum</span> <span class='ocrx_word' id='word_1_401' title='bbox 954 3899 1084 3956; x_wconf 88' lang='lat' dir='ltr'>librorum</span> <span class='ocrx_word' id='word_1_402' title='bbox 1102 3921 1147 3956; x_wconf 88' lang='lat' dir='ltr'>au·</span> 
     </span>
     <span class='ocr_line' id='line_1_80' title="bbox 695 3986 1147 4067; baseline -0.009 -21"><span class='ocrx_word' id='word_1_403' title='bbox 695 3986 819 4046; x_wconf 75' lang='lat' dir='ltr'>ctoritbte</span> <span class='ocrx_word' id='word_1_404' title='bbox 831 3988 1029 4067; x_wconf 83' lang='lat' dir='ltr'>comprobatur.</span> <span class='ocrx_word' id='word_1_405' title='bbox 1047 4007 1097 4042; x_wconf 86' lang='lat' dir='ltr'>nee</span> <span class='ocrx_word' id='word_1_406' title='bbox 1107 3995 1147 4043; x_wconf 86' lang='lat' dir='ltr'>est</span> 
     </span>
     <span class='ocr_line' id='line_1_81' title="bbox 694 4073 1145 4150; baseline -0.007 -17"><span class='ocrx_word' id='word_1_407' title='bbox 694 4077 854 4150; x_wconf 82' lang='lat' dir='ltr'>negandum,</span> <span class='ocrx_word' id='word_1_408' title='bbox 863 4078 970 4135; x_wconf 80' lang='lat' dir='ltr'>Livium</span> <span class='ocrx_word' id='word_1_409' title='bbox 975 4073 1055 4132; x_wconf 86' lang='lat' dir='ltr'>simili</span> <span class='ocrx_word' id='word_1_410' title='bbox 1064 4074 1145 4130; x_wconf 83' lang='lat' dir='ltr'>morlo</span> 
     </span>
     <span class='ocr_line' id='line_1_82' title="bbox 691 4164 1163 4243; baseline 0.002 -23"><span class='ocrx_word' id='word_1_411' title='bbox 691 4164 1144 4243; x_wconf 81' lang='lat' dir='ltr'>nonnumquamdatirousumesse:</span> <span class='ocrx_word' id='word_1_412' title='bbox 1160 4211 1163 4221; x_wconf 80' lang='grc'><strong>.</strong></span> 
     </span>
    </p>
   </div>
   <div class='ocr_carea' id='block_1_37' title="bbox 0 0 1382 4720">
    <p class='ocr_par' dir='ltr' id='par_1_38' title="bbox 0 0 1382 4720">
     <span class='ocr_line' id='line_1_83' title="bbox 0 0 1382 4720; baseline 0 1"><span class='ocrx_word' id='word_1_413' title='bbox 0 0 1382 4720; x_wconf 95' lang='lat' dir='ltr'> </span> 
     </span>
    </p>
   </div>
  </div>
 </body>
</html>
