2812 4724
207 215 276 286 390
416 197 417 202 ‘
594 183 838 308 [ιιιιιιιιιι.

208 414 280 462 sem
307 387 384 460 novi
412 385 535 459 consilii
550 399 751 482 quaerentes
778 387 867 458 iussu
883 385 1045 456 'Tolumni
1076 369 1384 461 interiecermt.

186 497 317 575 ,levant
338 492 469 586 quidam
488 492 572 586 rep's
600 493 737 563 lacinus:
768 493 802 562 in
823 505 1016 562 tesserarum
1042 517 1209 586 prospero
1225 494 1367 566 :iaetu

209 621 325 671 vocem
346 597 414 668 eius
436 598 616 690 ambiguum
637 609 675 666 ut
694 597 796 666 occidi
816 596 945 668 iussisse
973 598 1150 682 videretur,
1184 623 1211 666 a
1236 597 1366 668 Fide·

209 692 342 774 natibus
358 715 529 796 exceptam
549 725 679 772 causum
699 699 810 770 mortis
831 702 943 806 legatis
964 702 1078 772 bisse:
1099 740 1146 756 -
1171 727 1258 772 rem
1289 703 1354 771 iu·

180 823 199 882 t
211 809 395 880 credibilem
409 845 453 858 -
466 808 645 888 interventu
659 807 859 882 Fidenatituu
879 832 1039 878 novorum
1058 807 1233 878 sociorum
1251 831 1350 876 con-

207 915 382 984 sulentium
403 914 444 982 de
472 913 572 982 caede
597 924 729 1004 ruptura
757 911 807 982 ius
832 913 976 1006 gentium
1002 936 1070 981 non
1096 935 1260 982 aversum
1289 913 1340 980 eb

208 1016 385 1088 intentione
416 1019 506 1090 lusus
534 1017 676 1087 anirnum
702 1041 764 1086 nec
798 1018 914 1088 deinde
943 1018 978 1086 in
1012 1041 1154 1088 errorem
1183 1019 1338 1086 versum

56 1137 59 1150 ·
126 1181 132 1188 .
207 1123 340 1192 lacinus.
375 1123 507 1215 propius
521 1133 581 1191 est
599 1123 698 1191 fidem
713 1123 865 1216 obstringi
877 1124 1078 1194 Fidenatium
1099 1122 1269 1216 populum
1281 1145 1335 1192 ne

208 1227 367 1318 respicere
388 1245 481 1320 spem
501 1227 603 1296 ullam
624 1227 665 1296 eb
687 1227 848 1296 Romanis
859 1239 986 1350 posset,
1019 1227 1219 1314 conscientia
1240 1227 1336 1297 tenti

162 1349 199 1406 10
208 1331 337 1402 scelerrs
358 1329 509 1401 voluisse.
542 1331 722 1425 legatorum
744 1355 799 1425 qur
789 1309 946 1402 Fidenis
968 1333 1055 1404 caesi
1074 1343 1166 1402 eraut
1190 1343 1327 1400 swnnae

207 1435 367 1529 publice'
357 1460 391 1503 ιιι
404 1435 527 1504 Rostris
548 1437 672 1528 poeitae
694 1432 778 1507 sunt.
801 1449 876 1508 c'um
888 1438 1077 1512 Veientibus
1097 1436 1327 1516 Fidenatibus-

183 1565 340 1633 que-
367 1551 593 1633 praeterquam
618 1541 769 1612 finitumis
795 1544 924 1636 populis
951 1582 996 1594 -
1023 1543 1064 1610 ub
1093 1563 1191 1610 carna
1220 1539 1323 1610 etiam

209 1655 278 1724 tam
298 1646 437 1716 nefande
457 1647 580 1716 bellum
602 1649 725 1718 exorsis
742 1660 835 1718 atrox
850 1647 1009 1718 dinricatio
1023 1648 1170 1716 instabat
1209 1644 1321 1737 itaque

210 1751 252 1819 ad
274 1775 385 1820 curam
405 1775 551 1821 summae
571 1777 682 1823 rerum
703 1743 818 1844 quien
838 1753 934 1844 plebe
959 1737 1158 1842 tribunisque
1180 1749 1253 1820 eius
1275 1749 1318 1816 ni-

162 1855 254 1928 rehil
275 1857 510 1926 controversiae
532 1855 593 1925 fuit
612 1858 689 1949 quin
712 1857 860 1926 consules
883 1871 1064 1927 crearentur
1085 1855 1136 1924 Μ
1154 1854 1315 1946 Geganius

211 1960 393 2030 Macerinus
414 1960 544 2030 tertium
565 1973 600 2032 et
618 1961 657 2031 L.
680 1961 809 2054 Sergius
829 1959 982 2032 Fidenas:
1003 1997 1048 2016 -
1069 1983 1088 2030 a
1110 1959 1197 2028 bello
1210 1959 1312 2028 credo
1382 1973 1384 2086 p

209 2067 299 2156 quod
320 2066 434 2136 deinde
456 2065 554 2157 gessit
575 2067 786 2159 appellatum:
822 2066 875 2136 hic
897 2066 983 2137 enim
1006 2064 1129 2158 primus
1151 2064 1197 2132 cis
1219 2062 1307 2130 Anie-

209 2193 285 2238 nem
307 2193 382 2240 cum
402 2193 478 2262 rege
500 2170 683 2241 Veientium
702 2172 849 2242 secundo
867 2171 993 2264 proelio
1020 2168 1163 2242 conflixit
1187 2168 1313 2239 necin
1382 2177 1384 2270 l

274 2351 349 2424 (scil.
370 2357 491 2428 statuae)
517 2363 583 2414 eunt
607 2367 635 2414 ct
656 2355 730 2418 Tulli
860 2355 1050 2416 Incredibilem
1056 2356 1162 2446 igitur
1185 2351 1221 2415 b.
1251 2351 1316 2411 dicit
1382 2359 1383 2394 l

274 2440 373 2500 Clodii
402 2441 482 2501 Lucii
511 2441 605 2502 Roscii
634 2445 730 2522 Spurii
755 2459 758 2466 ·
798 2457 802 2462 ’
860 2464 922 2504 esse
938 2463 1006 2513 rem,
1026 2423 1100 2522 qood
1117 2442 1177 2500 fieri
1194 2461 1252 2498 uon
1269 2462 1314 2520 po·
1382 2411 1384 2470 l

274 2529 367 2590 Nuntii
385 2528 419 2591 G.
436 2529 555 2590 Fulcinii
574 2533 604 2590 in
620 2531 729 2592 Rostris
861 2533 960 2592 tuieeet
976 2541 1008 2590 ut
1029 2549 1086 2588 nou
1103 2531 1296 2590 averteretur
1287 2549 1316 2586 ru

170 2651 173 2660 ν
274 2615 477 2676 sFidenatibus
494 2621 526 2678 in
537 2610 671 2699 legatione
687 2621 728 2677 in·
861 2632 936 2684 tante
953 2620 1105 2676 renuimus
1127 2619 1197 2693 regie
1218 2617 1285 2674 ab*
1276 2637 1314 2674 rn-
1382 2555 1384 2668 l

272 2705 479 2768 terfectorun‘t
489 2707 572 2767 -lllt
581 2709 655 2765 noui
662 2727 729 2764 con·-
861 2709 983 2767 tentione
998 2706 1083 2776 lusos,
1097 2716 1124 2763 et
1134 2703 1206 2783 qnod
1215 2707 1238 2761 si
1247 2705 1316 2782 quid
1382 2721 1384 2830 q

273 2792 342 2852 oilis'.
360 2793 410 2850 sed
427 2795 521 2852 eudem
537 2816 574 2856 ιιι.
587 2797 612 2855 1.
629 2815 646 2854 a
663 2796 730 2853 scri·
861 2793 931 2854 male
953 2803 1026 2850 esset
1047 2814 1063 2850 e
1080 2792 1250 2850 Fidenatibus
1269 2813 1313 2850 ex-
1382 2835 1384 2856 ‚

273 2887 351 2953 ptum
363 2891 406 2936 est
416 2899 497 2957 supra
510 2883 546 2942 ei.
554 2910 588 2926 -·
601 2881 636 2939 Ρι
649 2901 730 2958 quse·
862 2891 983 2958 ceptum,
1005 2899 1061 2938 nou
1084 2883 1123 2939 ite
1141 2879 1252 2958 posthac
1270 2898 1314 2936 res

275 2973 366 3019 rentes
391 2967 435 3024 ius
455 2965 578 3027 tolumni.
603 2965 682 3027 Leid.
698 2985 731 3026 ιι
862 2963 988 3024 excusate
1006 2979 1087 3038 esset,
1104 2979 1135 3027 ut
1152 2987 1239 3024 errore
1258 2985 1313 3023 non

276 3049 424 3111 Tolumni.
863 3053 977 3112 consilio
987 3053 1016 3112 id
1025 3063 1127 3113 tantum
1136 3051 1232 3112 lacinus
1241 3074 1315 3111 corn·

207 3173 212 3190 a
229 3135 258 3196 3.
276 3155 298 3193 α
313 3135 526 3199 Fidenatibus.-
546 3137 615 3212 ΡΜ]
635 3138 668 3196 ab
684 3137 708 3198 Ρ
708 3140 730 3197 i·
864 3143 978 3200 missum
995 3163 1055 3200 esse
1073 3143 1198 3203 dicerent.

276 3221 428 3286 denatibus.
443 3257 477 3268 -
495 3223 531 3284 P:
549 3225 584 3284 de
602 3225 677 3288 cede.
694 3259 730 3272 -··
818 3232 846 3292 Β.
860 3233 985 3307 propius
1006 3237 1052 3288 est
1066 3231 1178 3308 fidem:
1199 3227 1253 3288 ΡΜ.
1276 3259 1313 3272 -

275 3307 315 3367 Μι
334 3311 368 3372 de
386 3311 468 3371 caede
484 3321 604 3392 rupturi.
719 3345 723 3365 ι
864 3318 902 3376 Ρι
923 3319 1082 3399 obstringe.
1106 3318 1213 3376 dubium
1229 3317 1314 3392 igitur

230 3398 258 3456 6.
275 3417 336 3482 non
353 3419 494 3459 ameum
511 3403 550 3460 ab
572 3403 732 3460 intentione
865 3415 907 3462 est
924 3427 958 3464 an
971 3427 1006 3466 nr.
1020 3411 1043 3466 l.
1057 3405 1312 3486 obstringere-scri·

275 3485 363 3544 lusus
385 3489 532 3546 animum:
557 3487 631 3547 Harl.
650 3509 668 3548 1.
696 3519 731 3553 ·-.
862 3494 1039 3570 ptumluerit.
1053 3525 1088 3536 -
1103 3492 1141 3550 il:
1159 3491 1311 3550 fidenatium
1369 3519 1370 3522 ¹

277 3569 313 3627 P:
338 3573 371 3627 ab
395 3575 544 3632 intentione
564 3575 657 3634 clusus
674 3571 739 3634 sni-⁵
863 3580 1007 3660 populerit.
1030 3612 1066 3624 --
1093 3577 1152 3640 Pit:
1177 3599 1209 3636 ne
1226 3575 1309 3656 respi-

275 3673 350 3714 mm
373 3658 475 3728 (811111
492 3680 528 3721 ¹1¹·
546 3663 572 3722 2·
595 3666 664 3732 est).
689 3661 731 3722 Μι
865 3687 927 3726 cere
944 3689 1021 3746 spem
1044 3669 1124 3728 ullum
1141 3667 1173 3724 ab
1194 3667 1309 3722 romanis
1368 3706 1369 3709 η

275 3741 479 3804 Μιῖιιιειιιῖοιιο
495 3746 717 3822 elususunimirl.
832 3755 835 3765 “
866 3765 1022 3833 posset.—
987 3747 1080 3816 -ιΜ
1100 3753 1262 3814 consciendi.
1340 3795 1342 3806 ι

159 3903 166 3912 ¹
234 3829 261 3889 7.
279 3831 454 3891 necdciude
471 3836 503 3891 in
516 3854 649 3895 errorem
667 3855 731 3895 uer·
803 3841 846 3900 11.
860 3841 1011 3917 publice:
985 3843 1089 3902 ·.-lll
1101 3842 1136 3898 P:
1153 3839 1259 3920 pobliee.
1272 3865 1306 3880 -

278 3937 346 3974 sum
364 3917 508 3991 facinus.-
538 3921 587 3982 ΡΜ
616 3925 731 3985 Harlr.
864 3927 897 3986 l’:
919 3908 1052 3988 finitumis
1068 3929 1231 4009 populis.-
1200 3923 1305 3983 -ιΡΜ

279 4000 357 4065 Leid.
374 4024 392 4066 ι.
419 4007 474 4082 al.]
502 4030 553 4069 noc
578 4011 677 4068 deinde
702 4014 731 4069 in
864 4016 898 4072 ab
917 4035 996 4074 causa
1015 4018 1166 4075 etiamtum
1182 4001 1295 4072 nefanda.

279 4089 421 4154 horrorem
437 4115 545 4180 versum
563 4096 674 4158 faenus
697 4129 731 4142 -
805 4101 847 4160 16.
864 4119 884 4159 a
901 4102 979 4162 bello
997 4105 1086 4164 credo
1106 4102 1192 4181 quod
1203 4100 1304 4160 deinde

1072 4434 1373 4682 gl
