2832 4720
63 425 70 434 ·
107 305 115 318 '
235 327 300 394 aso
697 335 803 398 snus
818 335 864 397 ιιι.

237 501 344 570 triciae
372 500 473 594 'gentis
500 500 558 568 sed
586 500 641 590 qui
669 523 743 566 cum
771 499 926 591 stipendia
947 497 1080 590 pedihus
1107 506 1245 589 propter
1269 521 1352 587 pau-

237 619 394 698 pertatem
416 606 557 690 [ecis'sct,
590 602 676 673 bello
703 615 812 671 tamen
837 605 958 694 primus
985 603 1079 693 louge
1100 601 1275 669 Romanae
1308 604 1353 668 iu·

239 711 377 780 ventutis
403 711 529 778 habitus
559 719 653 777 essct.
697 733 773 777 com
806 709 956 798 magistro
985 708 1128 812 equitum
1155 707 1189 771 in
1218 709 1351 774 contio·

238 843 314 884 nem
337 816 431 899 venit,
452 803 605 882 iustitium
626 814 735 896 edicit,
757 812 861 882 claudi
881 811 1028 879 tabernas
1051 823 1117 878 tota
1138 812 1220 878 urbe
1245 813 1350 893 iubet,

175 995 177 1002 y
205 931 327 988 avetat
350 943 545 1010 quemquam
565 919 707 1011 privatae
722 918 895 1009 quicquam
916 917 962 985 rei
982 939 1086 1007 agere.
1112 927 1182 983 tum
1197 917 1349 1007 quicum·

135 1047 141 1056 ·
240 1050 303 1115 que
326 1036 430 1094 aetate
452 1023 578 1090 militari
600 1034 715 1106 essent,
738 1022 849 1089 armati
871 1045 946 1089 cum
968 1020 1090 1088 cibariis
1111 1020 1229 1088 indies
1254 1021 1347 1112 quin-

241 1154 305 1220 que
327 1129 426 1196 coctis
448 1128 602 1218 vallisque
625 1126 780 1194 duodenis
803 1137 875 1194 ante
897 1126 974 1198 solis
997 1130 1147 1193 occasum
1168 1125 1291 1193 Martio
1314 1127 1346 1192 in

242 1257 356 1323 campo
379 1233 541 1300 adessent:
569 1231 686 1324 quibus
708 1243 794 1298 actas
817 1233 857 1298 ad
878 1231 1078 1297 militandum
1098 1230 1223 1320 gravior
1249 1245 1345 1315 esset

241 1338 346 1406 vicino
366 1336 465 1419 militi,
487 1335 564 1404 dum
584 1337 611 1403 is
634 1361 721 1404 anna
741 1346 867 1426 pararet
888 1333 1072 1427 vallumque
1094 1347 1227 1426 peteret,
1262 1337 1345 1402 ciba-

130 1474 136 1485 .
195 1450 230 1504 10
241 1443 285 1508 ria
308 1463 447 1531 coquere
473 1439 571 1508 iussit.
609 1441 656 1509 sic
677 1441 824 1508 iuventus
853 1439 998 1508 discurrit
1025 1441 1065 1508 ad
1088 1440 1208 1510 vallum
1234 1453 1344 1534 peten-

242 1548 328 1614 dum.
366 1567 530 1636 sumpsere
565 1545 649 1612 unde
683 1545 798 1635 cuique
831 1545 1014 1636 proximum
1048 1545 1124 1612 fuit:
1162 1545 1345 1638 prohibitus

242 1675 337 1718 nemo
360 1662 424 1718 est:
457 1649 642 1742 inpigreque
664 1673 776 1728 omnes
798 1650 840 1716 ad
862 1650 1002 1718 edictum
1028 1649 1187 1717 dictatoris
1213 1661 1343 1743 praesto

242 1753 340 1822 tuere.
376 1753 449 1822 inde
472 1755 639 1845 conposito
662 1753 786 1846 agmine
814 1778 880 1823 non
905 1753 1007 1821 itineri
1034 1755 1134 1844 magis
1156 1755 1222 1845 apti
1243 1781 1342 1845 quam

243 1859 364 1948 praelio
386 1859 413 1924 si
435 1883 485 1926 res
507 1860 551 1926 ita
573 1861 705 1942 tulisset
741 1858 882 1950 legiones
910 1859 979 1949 ipse
1008 1858 1156 1942 dictator,
1193 1860 1342 1949 magister

198 1972 232 2028 15
245 1962 387 2054 equitum
409 1985 484 2031 suos
507 1964 630 2052 equites
654 1965 749 2032 ducit.
786 1964 820 2030 in
848 1974 985 2053 utroque
1013 1963 1141 2053 agmine
1163 1985 1242 2052 quas
1266 1974 1341 2030 tcm-

244 2090 305 2156 pus
326 2065 433 2155 ipsum
453 2066 608 2156 poscebat
629 2067 865 2137 adhortationes
888 2077 992 2133 erant:
1021 2068 1173 2136 adderent
1193 2067 1358 2158 gradmnzl

242 2181 399 2238 maturato
423 2193 504 2258 opus
527 2193 598 2236 esse
619 2182 656 2237 ut
677 2183 771 2238 nocte
795 2171 834 2236 ad
856 2170 985 2238 hostem
1006 2171 1168 2260 pervenire
1195 2184 1339 2263 possent:

243 2273 408 2340 consulem
435 2273 674 2364 exercitumque
703 2276 885 2344 Romanum
914 2275 1065 2359 obsideri,
1102 2276 1230 2343 tertium
1258 2278 1337 2342 diem

243 2377 306 2453 iam
329 2377 454 2444 clausos
477 2399 564 2443 esse:
600 2379 676 2473 quid
704 2381 851 2472 quaeque
879 2403 946 2448 nox
969 2389 1023 2446 aut
1053 2381 1119 2449 dies
1144 2382 1224 2450 ferat
1246 2381 1336 2449 incer-

197 2490 312 2550 uotum
345 2505 431 2549 esse:
464 2493 583 2572 puncto
613 2506 709 2576 saepe
731 2481 885 2575 temporis
912 2484 1123 2553 maximarum
1149 2512 1254 2555 rerum
1273 2513 1352 2574 mo·

244 2598 352 2655 menta
374 2585 463 2654 verti.
502 2588 669 2670 „accelera
696 2587 846 2678 signifer“
875 2612 1033 2680 „sequere
1056 2591 1172 2658 miles“
1199 2593 1277 2660 inter
1302 2617 1334 2660 se

129 2713 131 2722 ¹
245 2713 375 2784 quoque
397 2691 607 2782 gratificantes
630 2693 762 2772 ducibus
785 2694 974 2764 clamabant.
1002 2695 1105 2764 media
1128 2708 1222 2766 nocte
1243 2698 1275 2766 in
1288 2697 1341 2764 Aa

185 783 205 824 Ὀ

309 2867 388 2933 dcitur
415 2898 525 2956 pergere
546 2877 663 2936 voluisse
690 2879 760 2950 „sed
848 2883 874 2940 9.
892 2880 963 2935 dum
978 2879 1005 2934 is
1016 2897 1103 2936 ormo
1110 2892 1248 2955 pararet:
1265 2883 1293 2941 P.
1304 2912 1337 2925 -

307 2965 354 3037 qui
377 2974 489 3039 propter
509 2975 692 3041 paupertatem
713 2987 759 3042 pe·
892 2962 976 3020 Paulo
994 2974 1057 3042 post
1074 2966 1108 3023 P:
1126 2979 1219 3042 presto
1237 2969 1314 3028 fuere.

308 3045 388 3102 dibus
405 3049 539 3124 stipendia
552 3049 639 3106 facere
651 3063 759 3109 coaetus
831 3053 875 3107 1&
891 3069 951 3106 non
969 3051 1069 3106 itineri
1084 3055 1198 3130 magis:
1225 3053 1246 3108 P
1262 3075 1295 3113 m.
1312 3057 1336 3113 2.

229 3171 233 3188 r
308 3130 397 3188 errit“.
421 3131 516 3212 eqdem
533 3143 622 3190 tamen
639 3146 760 3212 tempore

307 3217 337 3274 ci
356 3237 462 3298 quoqne
485 3222 513 3276 in
539 3231 655 3280 mentem
677 3225 759 3292 venit,

307 3301 339 3364 L.
349 3303 516 3384 Tarquitium
536 3329 549 3362 a
563 3307 693 3365 dictatore
705 3331 760 3365 ma·

308 3395 419 3466 gistrum
438 3415 479 3472 eq.
498 3395 598 3452 dictum
611 3415 669 3452 esse
686 3396 759 3474 quod

310 3480 378 3548 „ille
394 3481 466 3539 bello
483 3481 562 3560 longe
585 3486 686 3568 primus
705 3485 759 3540 Ro·

308 3586 401 3624 manae
423 3573 569 3628 iuventutis
590 3570 696 3628 habitos
718 3590 758 3628 es-

308 3658 382 3710 set“.
399 3656 488 3732 itaque
506 3658 605 3732 factum
622 3667 663 3714 est
679 3667 710 3714 ut
726 3655 759 3718 L.

305 3737 443 3796 brevitatis
468 3744 557 3800 studio
588 3745 683 3802 ductos
710 3745 759 3802 has

307 3821 374 3878 duas
399 3831 545 3884 sententias
569 3835 604 3888 ita
633 3842 662 3889 ut
683 3831 758 3888 vide·

307 3911 411 3966 musio
429 3931 508 3970 unam
530 3928 707 3982 connecteret.
723 3949 760 3962 -

308 3994 344 4053 P:
363 4017 424 4065 cum
436 4001 563 4076 magistro
577 4005 758 4080 aequitania

892 3166 926 3176 —-
944 3136 967 3190 P
984 3156 1020 3194 m.
1038 3139 1077 3196 1.:
1095 3139 1201 3197 itinere.
1214 3172 1244 3182 -
1264 3141 1286 3196 P
1302 3163 1334 3200 m.

892 3225 932 3282 1.:
956 3223 1201 3302 indeinconposito.
1219 3259 1251 3268 -
1267 3229 1289 3284 P
1302 3252 1336 3289 m.

831 3347 836 3358 .
891 3312 929 3368 1.=
953 3314 1095 3388 aequitum
1119 3333 1184 3370 suos
1210 3319 1335 3394 aequites.

892 3427 928 3441 -
957 3398 993 3455 P:
1021 3399 1209 3464 adortationes.
1239 3424 1271 3462 m.
1295 3407 1334 3462 h:

892 3484 1102 3549 adhortationes.

831 3571 873 3632 17.
888 3578 1047 3647 peruenire
1052 3585 1193 3651 possent:
1209 3573 1277 3634 Harl.
1289 3581 1332 3650 n]

892 3662 1029 3734 perveniri
1046 3670 1145 3737 posset,
1159 3691 1192 3702 -
1209 3660 1304 3721 PHarl.
1314 3685 1331 3724 r.

890 3744 967 3806 Leid.
993 3767 1024 3805 1.:
1052 3749 1208 3821 peruenire
1229 3760 1330 3823 posset.

892 3833 926 3891 cs.
956 3836 988 3902 3,
1017 3833 1074 3892 24:
1103 3833 1261 3892 tetendisset
1282 3857 1328 3912 pro

891 3916 1326 3979 scntsal.-er.1.:norau·

890 4003 957 4062 dies.
975 4025 1010 4064 m.
1031 4008 1070 4064 Ἅι
1088 4016 1141 4066 aut.

307 4087 468 4146 motionem.
489 4117 522 4130 -
545 4086 580 4143 P:
598 4098 674 4152 uetat,
689 4093 757 4167 quti-
828 4092 871 4152 22.
889 4093 920 4146 t'o
937 4091 1080 4170 Algidum
1095 4097 1275 4168 perueniunt:
1296 4093 1322 4152 P.

306 4177 359 4246 qua
376 4175 486 4250 priuato
500 4175 507 4247 Ι
522 4176 665 4254 quicquam
682 4178 730 4234 rei.

889 4207 923 4220 -
941 4177 1014 4238 llari.
1032 4200 1055 4238 r:
1074 4182 1191 4238 ueniunt.
