<?xml version="1.0" encoding="UTF-8"?>
<!DOCTYPE html PUBLIC "-//W3C//DTD XHTML 1.0 Transitional//EN"
    "http://www.w3.org/TR/xhtml1/DTD/xhtml1-transitional.dtd">
<html xmlns="http://www.w3.org/1999/xhtml" xml:lang="en" lang="en">
 <head>
  <title>
</title>
<meta http-equiv="Content-Type" content="text/html;charset=utf-8" />
  <meta name='ocr-system' content='tesseract 3.04.00' />
  <meta name='ocr-capabilities' content='ocr_page ocr_carea ocr_par ocr_line ocrx_word'/>
</head>
<body>
  <div class='ocr_page' id='page_1' title='image "./titilivirerumro02alscgoog_0033.png"; bbox 0 0 2838 4822; ppageno 0'>
   <div class='ocr_carea' id='block_1_1' title="bbox 254 309 875 394">
    <p class='ocr_par' dir='ltr' id='par_1_1' title="bbox 254 309 875 394">
     <span class='ocr_line' id='line_1_1' title="bbox 254 309 875 394; baseline -0.003 -1"><span class='ocrx_word' id='word_1_1' title='bbox 254 309 295 393; x_wconf 77' lang='lat' dir='ltr'>rt</span> <span class='ocrx_word' id='word_1_2' title='bbox 723 327 831 394; x_wconf 78' lang='lat' dir='ltr'>unsa</span> <span class='ocrx_word' id='word_1_3' title='bbox 855 333 875 391; x_wconf 85' lang='grc' dir='ltr'><strong>ι</strong></span> 
     </span>
    </p>
   </div>
   <div class='ocr_carea' id='block_1_2' title="bbox 151 495 1414 1742">
    <p class='ocr_par' dir='ltr' id='par_1_2' title="bbox 251 495 1366 799">
     <span class='ocr_line' id='line_1_2' title="bbox 341 495 1366 588; baseline -0.003 -21"><span class='ocrx_word' id='word_1_4' title='bbox 341 499 423 586; x_wconf 81' lang='lat' dir='ltr'><strong>VIII.</strong></span> <span class='ocrx_word' id='word_1_5' title='bbox 459 496 566 566; x_wconf 84' lang='lat' dir='ltr'>Rebus</span> <span class='ocrx_word' id='word_1_6' title='bbox 587 495 701 565; x_wconf 84' lang='lat' dir='ltr'>divinis</span> <span class='ocrx_word' id='word_1_7' title='bbox 721 495 781 566; x_wconf 90' lang='lat' dir='ltr'>rite</span> <span class='ocrx_word' id='word_1_8' title='bbox 802 495 990 588; x_wconf 87' lang='lat' dir='ltr'>perpetratis</span> <span class='ocrx_word' id='word_1_9' title='bbox 1011 507 1189 586; x_wconf 86' lang='lat' dir='ltr'>vocataque</span> <span class='ocrx_word' id='word_1_10' title='bbox 1210 495 1253 564; x_wconf 85' lang='lat' dir='ltr'>ad</span> <span class='ocrx_word' id='word_1_11' title='bbox 1278 519 1366 564; x_wconf 85' lang='lat' dir='ltr'>con-</span> 
     </span>
     <span class='ocr_line' id='line_1_3' title="bbox 253 598 1366 694; baseline -0.004 -21"><span class='ocrx_word' id='word_1_12' title='bbox 253 605 362 674; x_wconf 89' lang='lat' dir='ltr'>cilium</span> <span class='ocrx_word' id='word_1_13' title='bbox 381 601 591 686; x_wconf 88' lang='lat' dir='ltr'>multitudine,</span> <span class='ocrx_word' id='word_1_14' title='bbox 613 623 697 692; x_wconf 90' lang='lat' dir='ltr'>quae</span> <span class='ocrx_word' id='word_1_15' title='bbox 719 598 900 668; x_wconf 75' lang='lat' dir='ltr'>coalescere</span> <span class='ocrx_word' id='word_1_16' title='bbox 920 598 954 668; x_wconf 84' lang='lat' dir='ltr'>in</span> <span class='ocrx_word' id='word_1_17' title='bbox 975 599 1086 694; x_wconf 87' lang='lat' dir='ltr'>populi</span> <span class='ocrx_word' id='word_1_18' title='bbox 1113 598 1207 667; x_wconf 78' lang='lat' dir='ltr'>umas</span> <span class='ocrx_word' id='word_1_19' title='bbox 1229 621 1366 692; x_wconf 79' lang='lat' dir='ltr'>corpus</span> 
     </span>
     <span class='ocr_line' id='line_1_4' title="bbox 251 703 1362 799; baseline -0.005 -22"><span class='ocrx_word' id='word_1_20' title='bbox 251 709 339 778; x_wconf 90' lang='lat' dir='ltr'>nulla</span> <span class='ocrx_word' id='word_1_21' title='bbox 360 731 395 776; x_wconf 88' lang='lat' dir='ltr'>re</span> <span class='ocrx_word' id='word_1_22' title='bbox 416 718 638 799; x_wconf 76' lang='lat' dir='ltr'>praeterquam</span> <span class='ocrx_word' id='word_1_23' title='bbox 660 704 783 796; x_wconf 84' lang='lat' dir='ltr'>legibus</span> <span class='ocrx_word' id='word_1_24' title='bbox 805 714 943 794; x_wconf 89' lang='lat' dir='ltr'>poterat,</span> <span class='ocrx_word' id='word_1_25' title='bbox 968 703 1035 772; x_wconf 90' lang='lat' dir='ltr'>iura</span> <span class='ocrx_word' id='word_1_26' title='bbox 1064 703 1164 773; x_wconf 84' lang='lat' dir='ltr'>dedit:</span> <span class='ocrx_word' id='word_1_27' title='bbox 1192 727 1281 796; x_wconf 89' lang='lat' dir='ltr'>quae</span> <span class='ocrx_word' id='word_1_28' title='bbox 1310 707 1362 773; x_wconf 82' lang='lat' dir='ltr'>ita</span> 
     </span>
    </p>

    <p class='ocr_par' dir='ltr' id='par_1_3' title="bbox 151 805 1414 1742">
     <span class='ocr_line' id='line_1_5' title="bbox 151 805 1362 904; baseline -0.003 -22"><span class='ocrx_word' id='word_1_29' title='bbox 151 805 153 812; x_wconf 45' lang='lat'><strong>⁴</strong></span> <span class='ocrx_word' id='word_1_30' title='bbox 252 823 365 882; x_wconf 79' lang='lat' dir='ltr'>saneta</span> <span class='ocrx_word' id='word_1_31' title='bbox 380 812 487 904; x_wconf 88' lang='lat' dir='ltr'>generi</span> <span class='ocrx_word' id='word_1_32' title='bbox 508 810 675 879; x_wconf 85' lang='lat' dir='ltr'>houdnum</span> <span class='ocrx_word' id='word_1_33' title='bbox 697 807 811 900; x_wconf 78' lang='lat' dir='ltr'>agresti</span> <span class='ocrx_word' id='word_1_34' title='bbox 833 807 902 875; x_wconf 82' lang='lat' dir='ltr'>lore</span> <span class='ocrx_word' id='word_1_35' title='bbox 923 818 1024 892; x_wconf 77' lang='lat' dir='ltr'>rems,</span> <span class='ocrx_word' id='word_1_36' title='bbox 1051 807 1079 876; x_wconf 89' lang='lat' dir='ltr'>si</span> <span class='ocrx_word' id='word_1_37' title='bbox 1100 831 1136 878; x_wconf 92' lang='lat' dir='ltr'>se</span> <span class='ocrx_word' id='word_1_38' title='bbox 1157 807 1227 900; x_wconf 88' lang='lat' dir='ltr'>ipse</span> <span class='ocrx_word' id='word_1_39' title='bbox 1254 831 1362 878; x_wconf 80' lang='lat' dir='ltr'>vene-</span> 
     </span>
     <span class='ocr_line' id='line_1_6' title="bbox 221 910 1414 1012; baseline -0.003 -26"><span class='ocrx_word' id='word_1_40' title='bbox 221 919 380 987; x_wconf 73' lang='lat' dir='ltr'>stabilem</span> <span class='ocrx_word' id='word_1_41' title='bbox 406 916 581 1008; x_wconf 86' lang='lat' dir='ltr'>insignibus</span> <span class='ocrx_word' id='word_1_42' title='bbox 608 913 731 1006; x_wconf 89' lang='lat' dir='ltr'>imperii</span> <span class='ocrx_word' id='word_1_43' title='bbox 759 910 901 996; x_wconf 78' lang='lat' dir='ltr'>fecisset,</span> <span class='ocrx_word' id='word_1_44' title='bbox 935 935 1010 980; x_wconf 91' lang='lat' dir='ltr'>eum</span> <span class='ocrx_word' id='word_1_45' title='bbox 1036 925 1145 980; x_wconf 83' lang='lat' dir='ltr'>cetero</span> <span class='ocrx_word' id='word_1_46' title='bbox 1172 912 1360 1012; x_wconf 30' lang='lat' dir='ltr'>babituqse</span> <span class='ocrx_word' id='word_1_47' title='bbox 1413 957 1414 998; x_wconf 59' lang='lat'>1</span> 
     </span>
     <span class='ocr_line' id='line_1_7' title="bbox 249 1015 1414 1115; baseline -0.005 -23"><span class='ocrx_word' id='word_1_48' title='bbox 249 1023 471 1115; x_wconf 86' lang='lat' dir='ltr'>augustiorem,</span> <span class='ocrx_word' id='word_1_49' title='bbox 493 1033 564 1089; x_wconf 80' lang='lat' dir='ltr'>urm</span> <span class='ocrx_word' id='word_1_50' title='bbox 584 1020 724 1088; x_wconf 84' lang='lat' dir='ltr'>maxime</span> <span class='ocrx_word' id='word_1_51' title='bbox 746 1015 911 1087; x_wconf 79' lang='lat' dir='ltr'>lictoribus</span> <span class='ocrx_word' id='word_1_52' title='bbox 924 1016 1094 1086; x_wconf 89' lang='lat' dir='ltr'>duodecim</span> <span class='ocrx_word' id='word_1_53' title='bbox 1109 1018 1246 1110; x_wconf 88' lang='lat' dir='ltr'>sumptis</span> <span class='ocrx_word' id='word_1_54' title='bbox 1261 1019 1357 1086; x_wconf 80' lang='lat' dir='ltr'>iecit.</span> <span class='ocrx_word' id='word_1_55' title='bbox 1413 1045 1414 1052; x_wconf 49' lang='lat'>¹</span> 
     </span>
     <span class='ocr_line' id='line_1_8' title="bbox 248 1071 1414 1216; baseline -0.002 -20"><span class='ocrx_word' id='word_1_56' title='bbox 248 1127 300 1197; x_wconf 88' lang='lat' dir='ltr'>alii</span> <span class='ocrx_word' id='word_1_57' title='bbox 322 1128 363 1196; x_wconf 88' lang='lat' dir='ltr'>ab</span> <span class='ocrx_word' id='word_1_58' title='bbox 385 1149 520 1194; x_wconf 88' lang='lat' dir='ltr'>numem</span> <span class='ocrx_word' id='word_1_59' title='bbox 549 1124 656 1194; x_wconf 87' lang='lat' dir='ltr'>avium</span> <span class='ocrx_word' id='word_1_60' title='bbox 684 1145 767 1216; x_wconf 87' lang='lat' dir='ltr'>quae</span> <span class='ocrx_word' id='word_1_61' title='bbox 794 1121 925 1213; x_wconf 77' lang='lat' dir='ltr'>augarrio</span> <span class='ocrx_word' id='word_1_62' title='bbox 953 1145 1086 1214; x_wconf 89' lang='lat' dir='ltr'>regnum</span> <span class='ocrx_word' id='word_1_63' title='bbox 1111 1123 1356 1214; x_wconf 81' lang='lat' dir='ltr'>portenderant,</span> <span class='ocrx_word' id='word_1_64' title='bbox 1408 1071 1414 1194; x_wconf 89' lang='lat' dir='ltr'>l</span> 
     </span>
     <span class='ocr_line' id='line_1_9' title="bbox 247 1225 1414 1350; baseline -0.009 -49"><span class='ocrx_word' id='word_1_65' title='bbox 247 1255 325 1301; x_wconf 91' lang='lat' dir='ltr'>eum</span> <span class='ocrx_word' id='word_1_66' title='bbox 351 1241 498 1300; x_wconf 88' lang='lat' dir='ltr'>secutum</span> <span class='ocrx_word' id='word_1_67' title='bbox 524 1253 693 1298; x_wconf 88' lang='lat' dir='ltr'>numerum</span> <span class='ocrx_word' id='word_1_68' title='bbox 720 1238 846 1320; x_wconf 71' lang='lat' dir='ltr'>putante</span> <span class='ocrx_word' id='word_1_69' title='bbox 878 1249 932 1296; x_wconf 90' lang='lat' dir='ltr'>me</span> <span class='ocrx_word' id='word_1_70' title='bbox 959 1225 1038 1296; x_wconf 88' lang='lat' dir='ltr'>baut</span> <span class='ocrx_word' id='word_1_71' title='bbox 1051 1227 1206 1350; x_wconf 53' lang='lat' dir='ltr'>Qloel</span> <span class='ocrx_word' id='word_1_72' title='bbox 1233 1251 1355 1298; x_wconf 84' lang='lat' dir='ltr'>eorum</span> <span class='ocrx_word' id='word_1_73' title='bbox 1413 1235 1414 1290; x_wconf 64' lang='grc' dir='ltr'><em>ὲ</em></span> 
     </span>
     <span class='ocr_line' id='line_1_10' title="bbox 213 1309 1414 1450; baseline -0.002 -45"><span class='ocrx_word' id='word_1_74' title='bbox 213 1405 220 1426; x_wconf 62' lang='grc'><em>,</em></span> <span class='ocrx_word' id='word_1_75' title='bbox 248 1335 424 1405; x_wconf 85' lang='lat' dir='ltr'>sententiae</span> <span class='ocrx_word' id='word_1_76' title='bbox 446 1357 527 1420; x_wconf 87' lang='lat' dir='ltr'>esse,</span> <span class='ocrx_word' id='word_1_77' title='bbox 548 1335 665 1426; x_wconf 92' lang='lat' dir='ltr'>quibus</span> <span class='ocrx_word' id='word_1_78' title='bbox 687 1341 721 1401; x_wconf 88' lang='lat' dir='ltr'>et</span> <span class='ocrx_word' id='word_1_79' title='bbox 741 1331 939 1423; x_wconf 68' lang='lat' dir='ltr'>apparitores</span> <span class='ocrx_word' id='word_1_80' title='bbox 960 1309 1071 1401; x_wconf 65' lang='lat' dir='ltr'>esbon</span> <span class='ocrx_word' id='word_1_81' title='bbox 1085 1345 1185 1424; x_wconf 68' lang='lat' dir='ltr'>genta</span> <span class='ocrx_word' id='word_1_82' title='bbox 1200 1333 1242 1402; x_wconf 87' lang='lat' dir='ltr'>ab</span> <span class='ocrx_word' id='word_1_83' title='bbox 1256 1331 1354 1402; x_wconf 86' lang='lat' dir='ltr'>Etru·</span> <span class='ocrx_word' id='word_1_84' title='bbox 1412 1329 1414 1450; x_wconf 57' lang='lat' dir='ltr'>l</span> 
     </span>
     <span class='ocr_line' id='line_1_11' title="bbox 201 1436 1354 1528; baseline -0.002 -20"><span class='ocrx_word' id='word_1_85' title='bbox 201 1453 238 1509; x_wconf 85' lang='lat'>10</span> <span class='ocrx_word' id='word_1_86' title='bbox 248 1439 310 1509; x_wconf 88' lang='lat' dir='ltr'>scis</span> <span class='ocrx_word' id='word_1_87' title='bbox 331 1439 481 1526; x_wconf 80' lang='lat' dir='ltr'>suritimis,</span> <span class='ocrx_word' id='word_1_88' title='bbox 503 1440 588 1508; x_wconf 90' lang='lat' dir='ltr'>unde</span> <span class='ocrx_word' id='word_1_89' title='bbox 610 1439 688 1507; x_wconf 87' lang='lat' dir='ltr'>sella</span> <span class='ocrx_word' id='word_1_90' title='bbox 712 1437 830 1506; x_wconf 87' lang='lat' dir='ltr'>curulis</span> <span class='ocrx_word' id='word_1_91' title='bbox 850 1436 935 1505; x_wconf 89' lang='lat' dir='ltr'>unde</span> <span class='ocrx_word' id='word_1_92' title='bbox 949 1447 1023 1528; x_wconf 87' lang='lat' dir='ltr'>toga</span> <span class='ocrx_word' id='word_1_93' title='bbox 1037 1447 1201 1527; x_wconf 83' lang='lat' dir='ltr'>praetexta</span> <span class='ocrx_word' id='word_1_94' title='bbox 1215 1448 1354 1527; x_wconf 80' lang='lat' dir='ltr'>sumpta</span> 
     </span>
     <span class='ocr_line' id='line_1_12' title="bbox 248 1539 1351 1636; baseline -0.004 -22"><span class='ocrx_word' id='word_1_95' title='bbox 248 1555 307 1630; x_wconf 84' lang='lat' dir='ltr'>cst,</span> <span class='ocrx_word' id='word_1_96' title='bbox 329 1568 499 1612; x_wconf 89' lang='lat' dir='ltr'>numerum</span> <span class='ocrx_word' id='word_1_97' title='bbox 519 1566 650 1636; x_wconf 88' lang='lat' dir='ltr'>quoque</span> <span class='ocrx_word' id='word_1_98' title='bbox 665 1541 771 1634; x_wconf 88' lang='lat' dir='ltr'>ipsum</span> <span class='ocrx_word' id='word_1_99' title='bbox 786 1539 918 1609; x_wconf 80' lang='lat' dir='ltr'>ductum</span> <span class='ocrx_word' id='word_1_100' title='bbox 933 1541 1056 1632; x_wconf 83' lang='lat' dir='ltr'>placet:</span> <span class='ocrx_word' id='word_1_101' title='bbox 1078 1541 1174 1611; x_wconf 90' lang='lat' dir='ltr'>etita</span> <span class='ocrx_word' id='word_1_102' title='bbox 1196 1541 1351 1610; x_wconf 84' lang='lat' dir='ltr'>babuisse</span> 
     </span>
     <span class='ocr_line' id='line_1_13' title="bbox 248 1645 1412 1742; baseline -0.002 -25"><span class='ocrx_word' id='word_1_103' title='bbox 248 1649 409 1734; x_wconf 80' lang='lat' dir='ltr'>Etruscos,</span> <span class='ocrx_word' id='word_1_104' title='bbox 431 1648 517 1742; x_wconf 90' lang='lat' dir='ltr'>quod</span> <span class='ocrx_word' id='word_1_105' title='bbox 540 1671 582 1715; x_wconf 88' lang='lat' dir='ltr'>ex</span> <span class='ocrx_word' id='word_1_106' title='bbox 596 1646 767 1730; x_wconf 77' lang='lat' dir='ltr'>duodecim</span> <span class='ocrx_word' id='word_1_107' title='bbox 782 1645 911 1738; x_wconf 85' lang='lat' dir='ltr'>populis</span> <span class='ocrx_word' id='word_1_108' title='bbox 925 1647 1136 1716; x_wconf 81' lang='lat' dir='ltr'>eommurdter</span> <span class='ocrx_word' id='word_1_109' title='bbox 1149 1657 1258 1716; x_wconf 87' lang='lat' dir='ltr'>creato</span> <span class='ocrx_word' id='word_1_110' title='bbox 1270 1669 1351 1739; x_wconf 79' lang='lat' dir='ltr'>rege</span> <span class='ocrx_word' id='word_1_111' title='bbox 1411 1719 1412 1726; x_wconf 36' lang='lat'>,</span> 
     </span>
    </p>
   </div>
   <div class='ocr_carea' id='block_1_3' title="bbox 12 1739 1349 1847">
    <p class='ocr_par' dir='ltr' id='par_1_4' title="bbox 12 1739 1349 1847">
     <span class='ocr_line' id='line_1_14' title="bbox 12 1739 1349 1847; baseline -0.001 -28"><span class='ocrx_word' id='word_1_112' title='bbox 12 1739 22 1819; x_wconf 66' lang='lat' dir='ltr'>&#39;a</span> <span class='ocrx_word' id='word_1_113' title='bbox 111 1813 115 1821; x_wconf 87' lang='lat'>.</span> <span class='ocrx_word' id='word_1_114' title='bbox 245 1755 386 1847; x_wconf 83' lang='lat' dir='ltr'>singulos</span> <span class='ocrx_word' id='word_1_115' title='bbox 411 1753 526 1844; x_wconf 84' lang='lat' dir='ltr'>singuli</span> <span class='ocrx_word' id='word_1_116' title='bbox 551 1753 663 1844; x_wconf 90' lang='lat' dir='ltr'>populi</span> <span class='ocrx_word' id='word_1_117' title='bbox 692 1753 819 1820; x_wconf 85' lang='lat' dir='ltr'>lictores</span> <span class='ocrx_word' id='word_1_118' title='bbox 848 1750 1002 1824; x_wconf 78' lang='lat' dir='ltr'>dederint</span> <span class='ocrx_word' id='word_1_119' title='bbox 1028 1752 1194 1822; x_wconf 85' lang='lat' dir='ltr'>crescebat</span> <span class='ocrx_word' id='word_1_120' title='bbox 1219 1751 1349 1820; x_wconf 79' lang='lat' dir='ltr'>interim</span> 
     </span>
    </p>
   </div>
   <div class='ocr_carea' id='block_1_4' title="bbox 176 1855 1348 2027">
    <p class='ocr_par' dir='ltr' id='par_1_5' title="bbox 176 1855 1348 2027">
     <span class='ocr_line' id='line_1_15' title="bbox 176 1855 1348 2027; baseline -0.001 -100"><span class='ocrx_word' id='word_1_121' title='bbox 176 1886 179 1896; x_wconf 69' lang='lat'><strong><em>¹</em></strong></span> <span class='ocrx_word' id='word_1_122' title='bbox 244 1859 320 1928; x_wconf 89' lang='lat' dir='ltr'>urbs</span> <span class='ocrx_word' id='word_1_123' title='bbox 347 1858 575 2027; x_wconf 46' lang='lat' dir='ltr'>mQ&#39;tiqqpus</span> <span class='ocrx_word' id='word_1_124' title='bbox 602 1857 663 1924; x_wconf 89' lang='lat' dir='ltr'>alia</span> <span class='ocrx_word' id='word_1_125' title='bbox 690 1867 788 1946; x_wconf 87' lang='lat' dir='ltr'>atque</span> <span class='ocrx_word' id='word_1_126' title='bbox 816 1855 878 1924; x_wconf 83' lang='lat' dir='ltr'>alia</span> <span class='ocrx_word' id='word_1_127' title='bbox 904 1855 1085 1947; x_wconf 82' lang='lat' dir='ltr'>adpetendo</span> <span class='ocrx_word' id='word_1_128' title='bbox 1107 1856 1193 1940; x_wconf 88' lang='lat' dir='ltr'>looa,</span> <span class='ocrx_word' id='word_1_129' title='bbox 1215 1873 1292 1925; x_wconf 87' lang='lat' dir='ltr'>eum</span> <span class='ocrx_word' id='word_1_130' title='bbox 1312 1857 1348 1926; x_wconf 88' lang='lat' dir='ltr'>in</span> 
     </span>
    </p>
   </div>
   <div class='ocr_carea' id='block_1_5' title="bbox 5 1917 1412 2054">
    <p class='ocr_par' dir='ltr' id='par_1_6' title="bbox 5 1917 1412 2054">
     <span class='ocr_line' id='line_1_16' title="bbox 5 1917 1412 2054; baseline 0.001 -27"><span class='ocrx_word' id='word_1_131' title='bbox 5 1917 7 1950; x_wconf 32' lang='grc' dir='ltr'><strong>ἱ</strong></span> <span class='ocrx_word' id='word_1_132' title='bbox 100 1963 121 2016; x_wconf 81' lang='grc'>-’</span> <span class='ocrx_word' id='word_1_133' title='bbox 199 1976 233 2032; x_wconf 87' lang='lat'>15</span> <span class='ocrx_word' id='word_1_134' title='bbox 245 1987 337 2054; x_wconf 91' lang='lat' dir='ltr'>spem</span> <span class='ocrx_word' id='word_1_135' title='bbox 357 1961 459 2052; x_wconf 87' lang='lat' dir='ltr'>magis</span> <span class='ocrx_word' id='word_1_136' title='bbox 529 1983 605 2026; x_wconf 85' lang='lat' dir='ltr'>urae</span> <span class='ocrx_word' id='word_1_137' title='bbox 627 1957 836 2026; x_wconf 81' lang='lat' dir='ltr'>multitudinis</span> <span class='ocrx_word' id='word_1_138' title='bbox 857 1983 957 2050; x_wconf 59' lang='lat' dir='ltr'>mam</span> <span class='ocrx_word' id='word_1_139' title='bbox 978 1961 1019 2028; x_wconf 84' lang='lat' dir='ltr'>ad</span> <span class='ocrx_word' id='word_1_140' title='bbox 1040 1961 1073 2028; x_wconf 93' lang='lat' dir='ltr'>id</span> <span class='ocrx_word' id='word_1_141' title='bbox 1095 1963 1183 2054; x_wconf 93' lang='lat' dir='ltr'>quod</span> <span class='ocrx_word' id='word_1_142' title='bbox 1203 1973 1274 2029; x_wconf 91' lang='lat' dir='ltr'>tum</span> <span class='ocrx_word' id='word_1_143' title='bbox 1288 1961 1347 2028; x_wconf 79' lang='lat' dir='ltr'>bo</span> <span class='ocrx_word' id='word_1_144' title='bbox 1411 1943 1412 1950; x_wconf 7' lang='grc' dir='ltr'>ἵ</span> 
     </span>
    </p>
   </div>
   <div class='ocr_carea' id='block_1_6' title="bbox 243 2063 1346 2469">
    <p class='ocr_par' dir='ltr' id='par_1_7' title="bbox 243 2063 1346 2469">
     <span class='ocr_line' id='line_1_17' title="bbox 244 2063 1346 2157; baseline 0 -23"><span class='ocrx_word' id='word_1_145' title='bbox 244 2068 367 2134; x_wconf 91' lang='lat' dir='ltr'>minum</span> <span class='ocrx_word' id='word_1_146' title='bbox 388 2075 457 2133; x_wconf 87' lang='lat' dir='ltr'>erat</span> <span class='ocrx_word' id='word_1_147' title='bbox 477 2063 647 2156; x_wconf 78' lang='lat' dir='ltr'>munirent·</span> <span class='ocrx_word' id='word_1_148' title='bbox 679 2063 794 2130; x_wconf 87' lang='lat' dir='ltr'>deinde</span> <span class='ocrx_word' id='word_1_149' title='bbox 814 2085 857 2130; x_wconf 90' lang='lat' dir='ltr'>ne</span> <span class='ocrx_word' id='word_1_150' title='bbox 878 2087 961 2132; x_wconf 87' lang='lat' dir='ltr'>vana</span> <span class='ocrx_word' id='word_1_151' title='bbox 981 2065 1069 2134; x_wconf 86' lang='lat' dir='ltr'>urbis</span> <span class='ocrx_word' id='word_1_152' title='bbox 1090 2065 1275 2157; x_wconf 82' lang='lat' dir='ltr'>magnitudo</span> <span class='ocrx_word' id='word_1_153' title='bbox 1296 2087 1346 2134; x_wconf 89' lang='lat' dir='ltr'>es·</span> 
     </span>
     <span class='ocr_line' id='line_1_18' title="bbox 244 2167 1344 2256; baseline -0.002 -16"><span class='ocrx_word' id='word_1_154' title='bbox 244 2183 304 2256; x_wconf 87' lang='lat' dir='ltr'>set,</span> <span class='ocrx_word' id='word_1_155' title='bbox 326 2169 508 2239; x_wconf 88' lang='lat' dir='ltr'>adiciendae</span> <span class='ocrx_word' id='word_1_156' title='bbox 530 2167 739 2236; x_wconf 87' lang='lat' dir='ltr'>multitudinis</span> <span class='ocrx_word' id='word_1_157' title='bbox 754 2190 850 2235; x_wconf 88' lang='lat' dir='ltr'>causa</span> <span class='ocrx_word' id='word_1_158' title='bbox 868 2179 977 2237; x_wconf 84' lang='lat' dir='ltr'>vetere</span> <span class='ocrx_word' id='word_1_159' title='bbox 991 2171 1123 2240; x_wconf 91' lang='lat' dir='ltr'>consilio</span> <span class='ocrx_word' id='word_1_160' title='bbox 1138 2170 1344 2242; x_wconf 86' lang='lat' dir='ltr'>condentium</span> 
     </span>
     <span class='ocr_line' id='line_1_19' title="bbox 243 2271 1343 2366; baseline 0.003 -23"><span class='ocrx_word' id='word_1_161' title='bbox 243 2276 349 2360; x_wconf 88' lang='lat' dir='ltr'>urbes,</span> <span class='ocrx_word' id='word_1_162' title='bbox 371 2275 427 2366; x_wconf 93' lang='lat' dir='ltr'>qui</span> <span class='ocrx_word' id='word_1_163' title='bbox 448 2275 618 2343; x_wconf 88' lang='lat' dir='ltr'>obscuram</span> <span class='ocrx_word' id='word_1_164' title='bbox 640 2283 736 2364; x_wconf 88' lang='lat' dir='ltr'>atque</span> <span class='ocrx_word' id='word_1_165' title='bbox 758 2271 914 2341; x_wconf 89' lang='lat' dir='ltr'>humilem</span> <span class='ocrx_word' id='word_1_166' title='bbox 935 2275 1111 2344; x_wconf 88' lang='lat' dir='ltr'>conciendo</span> <span class='ocrx_word' id='word_1_167' title='bbox 1139 2276 1181 2344; x_wconf 89' lang='lat' dir='ltr'>ad</span> <span class='ocrx_word' id='word_1_168' title='bbox 1205 2299 1242 2344; x_wconf 87' lang='lat' dir='ltr'>se</span> <span class='ocrx_word' id='word_1_169' title='bbox 1263 2277 1343 2346; x_wconf 90' lang='lat' dir='ltr'>mul·</span> 
     </span>
     <span class='ocr_line' id='line_1_20' title="bbox 243 2377 1341 2469; baseline -0.001 -21"><span class='ocrx_word' id='word_1_170' title='bbox 243 2380 411 2448; x_wconf 85' lang='lat' dir='ltr'>titudinem</span> <span class='ocrx_word' id='word_1_171' title='bbox 431 2389 541 2448; x_wconf 84' lang='lat' dir='ltr'>natam</span> <span class='ocrx_word' id='word_1_172' title='bbox 562 2403 582 2447; x_wconf 88' lang='lat' dir='ltr'>e</span> <span class='ocrx_word' id='word_1_173' title='bbox 603 2391 686 2448; x_wconf 88' lang='lat' dir='ltr'>terra</span> <span class='ocrx_word' id='word_1_174' title='bbox 708 2377 768 2444; x_wconf 89' lang='lat' dir='ltr'>sibi</span> <span class='ocrx_word' id='word_1_175' title='bbox 789 2378 914 2469; x_wconf 91' lang='lat' dir='ltr'>prolem</span> <span class='ocrx_word' id='word_1_176' title='bbox 941 2378 1207 2466; x_wconf 87' lang='lat' dir='ltr'>ementiebantur,</span> <span class='ocrx_word' id='word_1_177' title='bbox 1233 2381 1341 2448; x_wconf 87' lang='lat' dir='ltr'>locum</span> 
     </span>
    </p>
   </div>
   <div class='ocr_carea' id='block_1_7' title="bbox 82 2482 1340 2588">
    <p class='ocr_par' dir='ltr' id='par_1_8' title="bbox 82 2482 1340 2588">
     <span class='ocr_line' id='line_1_21' title="bbox 82 2482 1340 2588; baseline 0.002 -38"><span class='ocrx_word' id='word_1_178' title='bbox 82 2557 84 2563; x_wconf 16' lang='lat' dir='ltr'>y</span> <span class='ocrx_word' id='word_1_179' title='bbox 196 2495 231 2550; x_wconf 72' lang='grc' dir='ltr'>Μ]</span> <span class='ocrx_word' id='word_1_180' title='bbox 244 2484 299 2576; x_wconf 91' lang='lat' dir='ltr'>qui</span> <span class='ocrx_word' id='word_1_181' title='bbox 327 2507 412 2551; x_wconf 87' lang='lat' dir='ltr'>nunc</span> <span class='ocrx_word' id='word_1_182' title='bbox 441 2496 552 2576; x_wconf 89' lang='lat' dir='ltr'>septus</span> <span class='ocrx_word' id='word_1_183' title='bbox 580 2482 846 2588; x_wconf 79' lang='lat' dir='ltr'>descendentibus</span> <span class='ocrx_word' id='word_1_184' title='bbox 872 2482 954 2551; x_wconf 85' lang='lat' dir='ltr'>inter</span> <span class='ocrx_word' id='word_1_185' title='bbox 976 2483 1057 2552; x_wconf 90' lang='lat' dir='ltr'>duos</span> <span class='ocrx_word' id='word_1_186' title='bbox 1078 2485 1171 2554; x_wconf 87' lang='lat' dir='ltr'>lucos</span> <span class='ocrx_word' id='word_1_187' title='bbox 1193 2495 1251 2569; x_wconf 86' lang='lat' dir='ltr'>est,</span> <span class='ocrx_word' id='word_1_188' title='bbox 1272 2509 1340 2578; x_wconf 86' lang='lat' dir='ltr'>asy-</span> 
     </span>
    </p>
   </div>
   <div class='ocr_carea' id='block_1_8' title="bbox 172 2587 1345 2890">
    <p class='ocr_par' dir='ltr' id='par_1_9' title="bbox 172 2587 1345 2890">
     <span class='ocr_line' id='line_1_22' title="bbox 241 2587 1340 2680; baseline 0.002 -24"><span class='ocrx_word' id='word_1_189' title='bbox 241 2590 311 2657; x_wconf 89' lang='lat' dir='ltr'>lum</span> <span class='ocrx_word' id='word_1_190' title='bbox 334 2588 443 2678; x_wconf 77' lang='lat' dir='ltr'>apeait.</span> <span class='ocrx_word' id='word_1_191' title='bbox 465 2613 505 2657; x_wconf 91' lang='lat' dir='ltr'>eo</span> <span class='ocrx_word' id='word_1_192' title='bbox 528 2611 570 2657; x_wconf 89' lang='lat' dir='ltr'>ex</span> <span class='ocrx_word' id='word_1_193' title='bbox 590 2588 730 2670; x_wconf 80' lang='lat' dir='ltr'>linitirnis</span> <span class='ocrx_word' id='word_1_194' title='bbox 750 2587 878 2680; x_wconf 89' lang='lat' dir='ltr'>populis</span> <span class='ocrx_word' id='word_1_195' title='bbox 899 2589 992 2656; x_wconf 88' lang='lat' dir='ltr'>turba</span> <span class='ocrx_word' id='word_1_196' title='bbox 1020 2589 1124 2658; x_wconf 91' lang='lat' dir='ltr'>omnis</span> <span class='ocrx_word' id='word_1_197' title='bbox 1145 2591 1215 2658; x_wconf 90' lang='lat' dir='ltr'>sine</span> <span class='ocrx_word' id='word_1_198' title='bbox 1236 2589 1340 2662; x_wconf 70' lang='lat' dir='ltr'>discn-</span> 
     </span>
     <span class='ocr_line' id='line_1_23' title="bbox 172 2692 1345 2794; baseline 0.003 -34"><span class='ocrx_word' id='word_1_199' title='bbox 172 2778 174 2794; x_wconf 47' lang='lat'>,</span> <span class='ocrx_word' id='word_1_200' title='bbox 241 2695 342 2777; x_wconf 81' lang='lat' dir='ltr'>mine,</span> <span class='ocrx_word' id='word_1_201' title='bbox 357 2693 438 2762; x_wconf 90' lang='lat' dir='ltr'>liber</span> <span class='ocrx_word' id='word_1_202' title='bbox 459 2718 501 2765; x_wconf 87' lang='lat' dir='ltr'>an</span> <span class='ocrx_word' id='word_1_203' title='bbox 521 2719 633 2764; x_wconf 85' lang='lat' dir='ltr'>servus</span> <span class='ocrx_word' id='word_1_204' title='bbox 655 2704 759 2779; x_wconf 83' lang='lat' dir='ltr'>esset,</span> <span class='ocrx_word' id='word_1_205' title='bbox 775 2692 867 2762; x_wconf 86' lang='lat' dir='ltr'>avida</span> <span class='ocrx_word' id='word_1_206' title='bbox 888 2717 1045 2762; x_wconf 90' lang='lat' dir='ltr'>novarum</span> <span class='ocrx_word' id='word_1_207' title='bbox 1065 2719 1174 2763; x_wconf 82' lang='lat' dir='ltr'>rerrnn</span> <span class='ocrx_word' id='word_1_208' title='bbox 1194 2695 1345 2788; x_wconf 58' lang='lat' dir='ltr'>perfugis</span> 
     </span>
     <span class='ocr_line' id='line_1_24' title="bbox 239 2798 1337 2890; baseline 0.004 -25"><span class='ocrx_word' id='word_1_209' title='bbox 239 2798 337 2890; x_wconf 87' lang='lat' dir='ltr'>idque</span> <span class='ocrx_word' id='word_1_210' title='bbox 358 2800 498 2889; x_wconf 86' lang='lat' dir='ltr'>primum</span> <span class='ocrx_word' id='word_1_211' title='bbox 520 2799 560 2867; x_wconf 90' lang='lat' dir='ltr'>ad</span> <span class='ocrx_word' id='word_1_212' title='bbox 582 2811 731 2890; x_wconf 87' lang='lat' dir='ltr'>coeptam</span> <span class='ocrx_word' id='word_1_213' title='bbox 752 2799 1003 2887; x_wconf 83' lang='lat' dir='ltr'>magnitudinem</span> <span class='ocrx_word' id='word_1_214' title='bbox 1022 2799 1147 2868; x_wconf 81' lang='lat' dir='ltr'>roboris</span> <span class='ocrx_word' id='word_1_215' title='bbox 1168 2799 1237 2870; x_wconf 78' lang='lat' dir='ltr'>fuit.</span> <span class='ocrx_word' id='word_1_216' title='bbox 1264 2825 1337 2869; x_wconf 89' lang='lat' dir='ltr'>cum</span> 
     </span>
    </p>
   </div>
   <div class='ocr_carea' id='block_1_9' title="bbox 5 2864 1335 3014">
    <p class='ocr_par' dir='ltr' id='par_1_10' title="bbox 5 2864 1335 3014">
     <span class='ocr_line' id='line_1_25' title="bbox 5 2864 1335 3014; baseline 0.001 -40"><span class='ocrx_word' id='word_1_217' title='bbox 5 2915 18 2996; x_wconf 65' lang='grc' dir='ltr'>ζ,</span> <span class='ocrx_word' id='word_1_218' title='bbox 74 2864 77 2872; x_wconf 74' lang='lat'><em>·</em></span> <span class='ocrx_word' id='word_1_219' title='bbox 158 2933 161 2944; x_wconf 93' lang='lat'>·</span> <span class='ocrx_word' id='word_1_220' title='bbox 188 2983 192 2987; x_wconf 65' lang='lat'>,</span> <span class='ocrx_word' id='word_1_221' title='bbox 240 2904 305 2970; x_wconf 89' lang='lat' dir='ltr'>iam</span> <span class='ocrx_word' id='word_1_222' title='bbox 326 2903 441 2971; x_wconf 86' lang='lat' dir='ltr'>virium</span> <span class='ocrx_word' id='word_1_223' title='bbox 461 2904 754 3014; x_wconf 62' lang='lat' dir='ltr'>th,</span> <span class='ocrx_word' id='word_1_224' title='bbox 775 2901 945 2970; x_wconf 88' lang='lat' dir='ltr'>consilium</span> <span class='ocrx_word' id='word_1_225' title='bbox 966 2903 1079 2972; x_wconf 87' lang='lat' dir='ltr'>deinde</span> <span class='ocrx_word' id='word_1_226' title='bbox 1101 2904 1220 2974; x_wconf 87' lang='lat' dir='ltr'>viribus</span> <span class='ocrx_word' id='word_1_227' title='bbox 1238 2917 1335 2999; x_wconf 89' lang='lat' dir='ltr'>parat.</span> 
     </span>
    </p>
   </div>
   <div class='ocr_carea' id='block_1_10' title="bbox 165 3004 1334 3518">
    <p class='ocr_par' dir='ltr' id='par_1_11' title="bbox 165 3004 1334 3096">
     <span class='ocr_line' id='line_1_26' title="bbox 165 3004 1334 3096; baseline 0.006 -23"><span class='ocrx_word' id='word_1_228' title='bbox 165 3053 167 3064; x_wconf 43' lang='lat' dir='ltr'>r</span> <span class='ocrx_word' id='word_1_229' title='bbox 194 3015 230 3073; x_wconf 76' lang='grc'>25</span> <span class='ocrx_word' id='word_1_230' title='bbox 242 3017 371 3074; x_wconf 82' lang='lat' dir='ltr'>centrum</span> <span class='ocrx_word' id='word_1_231' title='bbox 388 3018 481 3074; x_wconf 84' lang='lat' dir='ltr'>&#39;creat</span> <span class='ocrx_word' id='word_1_232' title='bbox 501 3017 673 3088; x_wconf 88' lang='lat' dir='ltr'>senatores,</span> <span class='ocrx_word' id='word_1_233' title='bbox 695 3005 762 3072; x_wconf 84' lang='lat' dir='ltr'>sive</span> <span class='ocrx_word' id='word_1_234' title='bbox 784 3004 859 3096; x_wconf 92' lang='lat' dir='ltr'>quia</span> <span class='ocrx_word' id='word_1_235' title='bbox 879 3005 907 3074; x_wconf 85' lang='lat' dir='ltr'>is</span> <span class='ocrx_word' id='word_1_236' title='bbox 926 3031 1077 3076; x_wconf 89' lang='lat' dir='ltr'>numerus</span> <span class='ocrx_word' id='word_1_237' title='bbox 1091 3009 1168 3078; x_wconf 86' lang='lat' dir='ltr'>satis</span> <span class='ocrx_word' id='word_1_238' title='bbox 1180 3021 1256 3094; x_wconf 86' lang='lat' dir='ltr'>erat,</span> <span class='ocrx_word' id='word_1_239' title='bbox 1270 3011 1334 3080; x_wconf 85' lang='lat' dir='ltr'>sive</span> 
     </span>
    </p>

    <p class='ocr_par' dir='ltr' id='par_1_12' title="bbox 189 3108 1334 3310">
     <span class='ocr_line' id='line_1_27' title="bbox 189 3108 1334 3208; baseline 0.005 -31"><span class='ocrx_word' id='word_1_240' title='bbox 189 3133 211 3189; x_wconf 64' lang='lat'>¹,</span> <span class='ocrx_word' id='word_1_241' title='bbox 241 3111 316 3203; x_wconf 90' lang='lat' dir='ltr'>quia</span> <span class='ocrx_word' id='word_1_242' title='bbox 349 3110 411 3178; x_wconf 90' lang='lat' dir='ltr'>soli</span> <span class='ocrx_word' id='word_1_243' title='bbox 438 3121 568 3181; x_wconf 88' lang='lat' dir='ltr'>eentum</span> <span class='ocrx_word' id='word_1_244' title='bbox 602 3119 692 3176; x_wconf 85' lang='lat' dir='ltr'>erant</span> <span class='ocrx_word' id='word_1_245' title='bbox 717 3108 772 3200; x_wconf 90' lang='lat' dir='ltr'>qui</span> <span class='ocrx_word' id='word_1_246' title='bbox 800 3108 899 3178; x_wconf 88' lang='lat' dir='ltr'>creari</span> <span class='ocrx_word' id='word_1_247' title='bbox 926 3123 1033 3200; x_wconf 79' lang='lat' dir='ltr'>patres</span> <span class='ocrx_word' id='word_1_248' title='bbox 1060 3127 1202 3204; x_wconf 82' lang='lat' dir='ltr'>possent</span> <span class='ocrx_word' id='word_1_249' title='bbox 1229 3129 1334 3208; x_wconf 85' lang='lat' dir='ltr'>patres</span> 
     </span>
     <span class='ocr_line' id='line_1_28' title="bbox 240 3213 1247 3310; baseline 0.005 -26"><span class='ocrx_word' id='word_1_250' title='bbox 240 3227 327 3285; x_wconf 88' lang='lat' dir='ltr'>certe</span> <span class='ocrx_word' id='word_1_251' title='bbox 349 3216 389 3284; x_wconf 87' lang='lat' dir='ltr'>ab</span> <span class='ocrx_word' id='word_1_252' title='bbox 411 3216 535 3284; x_wconf 86' lang='lat' dir='ltr'>honore</span> <span class='ocrx_word' id='word_1_253' title='bbox 554 3213 741 3305; x_wconf 89' lang='lat' dir='ltr'>patriciique</span> <span class='ocrx_word' id='word_1_254' title='bbox 762 3214 930 3306; x_wconf 85' lang='lat' dir='ltr'>progenies</span> <span class='ocrx_word' id='word_1_255' title='bbox 953 3238 1065 3284; x_wconf 83' lang='lat' dir='ltr'>eorum</span> <span class='ocrx_word' id='word_1_256' title='bbox 1087 3220 1247 3310; x_wconf 88' lang='lat' dir='ltr'>appellati.</span> 
     </span>
    </p>

    <p class='ocr_par' dir='ltr' id='par_1_13' title="bbox 327 3317 1330 3394">
     <span class='ocr_line' id='line_1_29' title="bbox 327 3317 1330 3394; baseline 0.005 -5"><span class='ocrx_word' id='word_1_257' title='bbox 327 3321 383 3391; x_wconf 88' lang='lat' dir='ltr'>IX.</span> <span class='ocrx_word' id='word_1_258' title='bbox 405 3323 473 3390; x_wconf 88' lang='lat' dir='ltr'>lam</span> <span class='ocrx_word' id='word_1_259' title='bbox 494 3341 546 3386; x_wconf 85' lang='lat' dir='ltr'>res</span> <span class='ocrx_word' id='word_1_260' title='bbox 567 3319 711 3386; x_wconf 86' lang='lat' dir='ltr'>Romana</span> <span class='ocrx_word' id='word_1_261' title='bbox 734 3318 816 3388; x_wconf 89' lang='lat' dir='ltr'>adeo</span> <span class='ocrx_word' id='word_1_262' title='bbox 838 3329 906 3387; x_wconf 88' lang='lat' dir='ltr'>erat</span> <span class='ocrx_word' id='word_1_263' title='bbox 926 3317 1029 3388; x_wconf 89' lang='lat' dir='ltr'>valida</span> <span class='ocrx_word' id='word_1_264' title='bbox 1056 3334 1093 3390; x_wconf 92' lang='lat' dir='ltr'>ut</span> <span class='ocrx_word' id='word_1_265' title='bbox 1113 3323 1242 3393; x_wconf 90' lang='lat' dir='ltr'>cuilibet</span> <span class='ocrx_word' id='word_1_266' title='bbox 1268 3325 1330 3394; x_wconf 88' lang='lat' dir='ltr'>liui-</span> 
     </span>
    </p>

    <p class='ocr_par' dir='ltr' id='par_1_14' title="bbox 210 3420 1331 3518">
     <span class='ocr_line' id='line_1_30' title="bbox 210 3420 1331 3518; baseline 0.006 -27"><span class='ocrx_word' id='word_1_267' title='bbox 210 3424 214 3433; x_wconf 64' lang='lat'>‘</span> <span class='ocrx_word' id='word_1_268' title='bbox 239 3425 387 3502; x_wconf 70' lang='lat' dir='ltr'>timaeum</span> <span class='ocrx_word' id='word_1_269' title='bbox 413 3420 577 3496; x_wconf 76' lang='lat' dir='ltr'>ciuitatum</span> <span class='ocrx_word' id='word_1_270' title='bbox 605 3423 692 3492; x_wconf 92' lang='lat' dir='ltr'>bello</span> <span class='ocrx_word' id='word_1_271' title='bbox 713 3436 787 3516; x_wconf 72' lang='lat' dir='ltr'>&#39;par</span> <span class='ocrx_word' id='word_1_272' title='bbox 805 3437 904 3493; x_wconf 87' lang='lat' dir='ltr'>esset:</span> <span class='ocrx_word' id='word_1_273' title='bbox 929 3425 990 3493; x_wconf 85' lang='lat' dir='ltr'>sed</span> <span class='ocrx_word' id='word_1_274' title='bbox 1011 3428 1143 3518; x_wconf 83' lang='lat' dir='ltr'>penuria</span> <span class='ocrx_word' id='word_1_275' title='bbox 1165 3429 1331 3498; x_wconf 87' lang='lat' dir='ltr'>mulierum</span> 
     </span>
    </p>
   </div>
   <div class='ocr_carea' id='block_1_11' title="bbox 14 3477 1330 3626">
    <p class='ocr_par' dir='ltr' id='par_1_15' title="bbox 14 3477 1330 3626">
     <span class='ocr_line' id='line_1_31' title="bbox 14 3477 1330 3626; baseline -0.003 -27"><span class='ocrx_word' id='word_1_276' title='bbox 14 3477 41 3506; x_wconf 37' lang='grc' dir='ltr'><strong><em>η</em></strong></span> <span class='ocrx_word' id='word_1_277' title='bbox 70 3615 77 3624; x_wconf 31' lang='lat'>¹</span> <span class='ocrx_word' id='word_1_278' title='bbox 191 3522 376 3596; x_wconf 80' lang='lat' dir='ltr'>30hominis</span> <span class='ocrx_word' id='word_1_279' title='bbox 403 3542 540 3599; x_wconf 86' lang='lat' dir='ltr'>aetatem</span> <span class='ocrx_word' id='word_1_280' title='bbox 568 3530 717 3597; x_wconf 82' lang='lat' dir='ltr'>duratura</span> <span class='ocrx_word' id='word_1_281' title='bbox 746 3519 930 3622; x_wconf 86' lang='lat' dir='ltr'>magnitudo</span> <span class='ocrx_word' id='word_1_282' title='bbox 959 3543 1042 3617; x_wconf 89' lang='lat' dir='ltr'>erat,</span> <span class='ocrx_word' id='word_1_283' title='bbox 1070 3534 1190 3626; x_wconf 90' lang='lat' dir='ltr'>quippe</span> <span class='ocrx_word' id='word_1_284' title='bbox 1218 3531 1330 3620; x_wconf 85' lang='lat' dir='ltr'>quibus</span> 
     </span>
    </p>
   </div>
   <div class='ocr_carea' id='block_1_12' title="bbox 238 3629 1346 3726">
    <p class='ocr_par' dir='ltr' id='par_1_16' title="bbox 238 3629 1346 3726">
     <span class='ocr_line' id='line_1_32' title="bbox 238 3629 1346 3726; baseline 0.003 -26"><span class='ocrx_word' id='word_1_285' title='bbox 238 3657 299 3700; x_wconf 90' lang='lat' dir='ltr'>nec</span> <span class='ocrx_word' id='word_1_286' title='bbox 322 3633 408 3702; x_wconf 86' lang='lat' dir='ltr'>domi</span> <span class='ocrx_word' id='word_1_287' title='bbox 429 3658 502 3724; x_wconf 89' lang='lat' dir='ltr'>spes</span> <span class='ocrx_word' id='word_1_288' title='bbox 522 3635 622 3726; x_wconf 86' lang='lat' dir='ltr'>prolis</span> <span class='ocrx_word' id='word_1_289' title='bbox 644 3659 705 3702; x_wconf 89' lang='lat' dir='ltr'>nec</span> <span class='ocrx_word' id='word_1_290' title='bbox 720 3659 794 3703; x_wconf 89' lang='lat' dir='ltr'>cum</span> <span class='ocrx_word' id='word_1_291' title='bbox 808 3632 959 3706; x_wconf 73' lang='lat' dir='ltr'>finitumis</span> <span class='ocrx_word' id='word_1_292' title='bbox 975 3637 1112 3705; x_wconf 91' lang='lat' dir='ltr'>conubia</span> <span class='ocrx_word' id='word_1_293' title='bbox 1126 3643 1243 3702; x_wconf 83' lang='lat' dir='ltr'>essent</span> <span class='ocrx_word' id='word_1_294' title='bbox 1262 3629 1346 3703; x_wconf 66' lang='lat' dir='ltr'>tum&#39;</span> 
     </span>
    </p>
   </div>
   <div class='ocr_carea' id='block_1_13' title="bbox 227 3752 1324 4252">
    <p class='ocr_par' dir='ltr' id='par_1_17' title="bbox 239 3752 1324 3991">
     <span class='ocr_line' id='line_1_33' title="bbox 239 3752 1286 3838; baseline 0.004 -29"><span class='ocrx_word' id='word_1_295' title='bbox 239 3752 281 3814; x_wconf 81' lang='lat'>17.</span> <span class='ocrx_word' id='word_1_296' title='bbox 299 3753 749 3814; x_wconf 77' lang='lat' dir='ltr'>adiciendoemultitudiniscou-</span> <span class='ocrx_word' id='word_1_297' title='bbox 819 3759 863 3838; x_wconf 83' lang='grc'>29.</span> <span class='ocrx_word' id='word_1_298' title='bbox 881 3758 1045 3824; x_wconf 75' lang='lat' dir='ltr'>civitatum:</span> <span class='ocrx_word' id='word_1_299' title='bbox 1062 3755 1112 3827; x_wconf 98' lang='grc' dir='ltr'>Μ]</span> <span class='ocrx_word' id='word_1_300' title='bbox 1132 3755 1286 3818; x_wconf 84' lang='lat' dir='ltr'>eivitatium.</span> 
     </span>
     <span class='ocr_line' id='line_1_34' title="bbox 299 3840 1324 3920; baseline 0.003 -22"><span class='ocrx_word' id='word_1_301' title='bbox 299 3861 353 3899; x_wconf 83' lang='lat' dir='ltr'>aa:</span> <span class='ocrx_word' id='word_1_302' title='bbox 371 3840 441 3914; x_wconf 89' lang='grc' dir='ltr'>ΡΜ]</span> <span class='ocrx_word' id='word_1_303' title='bbox 460 3840 616 3900; x_wconf 75' lang='lat' dir='ltr'>alliciendas</span> <span class='ocrx_word' id='word_1_304' title='bbox 632 3843 750 3902; x_wconf 86' lang='lat' dir='ltr'>multita-</span> <span class='ocrx_word' id='word_1_305' title='bbox 819 3847 864 3905; x_wconf 79' lang='lat'>31.</span> <span class='ocrx_word' id='word_1_306' title='bbox 881 3865 948 3903; x_wconf 86' lang='lat' dir='ltr'>eum</span> <span class='ocrx_word' id='word_1_307' title='bbox 957 3844 1110 3920; x_wconf 77' lang='lat' dir='ltr'>finitumis</span> <span class='ocrx_word' id='word_1_308' title='bbox 1127 3843 1265 3901; x_wconf 81' lang='lat' dir='ltr'>conubio:</span> <span class='ocrx_word' id='word_1_309' title='bbox 1282 3843 1324 3918; x_wconf 83' lang='lat' dir='ltr'>P]</span> 
     </span>
     <span class='ocr_line' id='line_1_35' title="bbox 297 3929 1323 3991; baseline 0.002 -5"><span class='ocrx_word' id='word_1_310' title='bbox 297 3930 370 3987; x_wconf 89' lang='lat' dir='ltr'>dinis</span> <span class='ocrx_word' id='word_1_311' title='bbox 388 3949 476 3988; x_wconf 89' lang='lat' dir='ltr'>causa.</span> <span class='ocrx_word' id='word_1_312' title='bbox 880 3951 941 3989; x_wconf 86' lang='lat' dir='ltr'>eum</span> <span class='ocrx_word' id='word_1_313' title='bbox 957 3929 1081 3987; x_wconf 87' lang='lat' dir='ltr'>finitimis</span> <span class='ocrx_word' id='word_1_314' title='bbox 1099 3931 1239 3991; x_wconf 87' lang='lat' dir='ltr'>connubia.</span> <span class='ocrx_word' id='word_1_315' title='bbox 1250 3965 1283 3974; x_wconf 99' lang='lat'>-</span> <span class='ocrx_word' id='word_1_316' title='bbox 1294 3930 1323 3988; x_wconf 89' lang='lat' dir='ltr'>la</span> 
     </span>
    </p>

    <p class='ocr_par' dir='ltr' id='par_1_18' title="bbox 227 4015 1323 4192">
     <span class='ocr_line' id='line_1_36' title="bbox 227 4015 1323 4100; baseline 0 -25"><span class='ocrx_word' id='word_1_317' title='bbox 227 4019 280 4092; x_wconf 76' lang='grc' dir='ltr'>Ι20.</span> <span class='ocrx_word' id='word_1_318' title='bbox 299 4019 418 4094; x_wconf 82' lang='lat' dir='ltr'>asylum</span> <span class='ocrx_word' id='word_1_319' title='bbox 429 4020 542 4096; x_wconf 72' lang='lat' dir='ltr'>aperit:</span> <span class='ocrx_word' id='word_1_320' title='bbox 556 4017 586 4076; x_wconf 89' lang='lat' dir='ltr'>P.</span> <span class='ocrx_word' id='word_1_321' title='bbox 598 4049 632 4062; x_wconf 88' lang='lat'><em>-</em></span> <span class='ocrx_word' id='word_1_322' title='bbox 644 4017 683 4075; x_wconf 77' lang='lat' dir='ltr'>llI:</span> <span class='ocrx_word' id='word_1_323' title='bbox 696 4021 748 4076; x_wconf 86' lang='lat' dir='ltr'>asi·</span> <span class='ocrx_word' id='word_1_324' title='bbox 880 4019 903 4076; x_wconf 79' lang='grc' dir='ltr'>Ρ</span> <span class='ocrx_word' id='word_1_325' title='bbox 920 4025 947 4074; x_wconf 87' lang='lat' dir='ltr'>et</span> <span class='ocrx_word' id='word_1_326' title='bbox 963 4015 990 4074; x_wconf 91' lang='grc' dir='ltr'><strong>Μ</strong></span> <span class='ocrx_word' id='word_1_327' title='bbox 1015 4037 1120 4100; x_wconf 79' lang='lat' dir='ltr'>semper</span> <span class='ocrx_word' id='word_1_328' title='bbox 1140 4022 1269 4100; x_wconf 85' lang='lat' dir='ltr'>seriptum</span> <span class='ocrx_word' id='word_1_329' title='bbox 1285 4029 1323 4076; x_wconf 87' lang='lat' dir='ltr'>est</span> 
     </span>
     <span class='ocr_line' id='line_1_37' title="bbox 299 4104 1221 4192; baseline 0.002 -31"><span class='ocrx_word' id='word_1_330' title='bbox 299 4104 508 4192; x_wconf 77' lang='lat' dir='ltr'>lumapellont:</span> <span class='ocrx_word' id='word_1_331' title='bbox 526 4105 662 4164; x_wconf 80' lang='lat' dir='ltr'>sedllant</span> <span class='ocrx_word' id='word_1_332' title='bbox 673 4126 707 4165; x_wconf 89' lang='lat' dir='ltr'>m.</span> <span class='ocrx_word' id='word_1_333' title='bbox 720 4107 746 4186; x_wconf 99' lang='grc'><strong>2</strong></span> <span class='ocrx_word' id='word_1_334' title='bbox 878 4106 1039 4164; x_wconf 82' lang='lat' dir='ltr'>conubium.</span> <span class='ocrx_word' id='word_1_335' title='bbox 1219 4135 1221 4138; x_wconf 45' lang='lat'><strong><em>¹</em></strong></span> 
     </span>
    </p>

    <p class='ocr_par' dir='ltr' id='par_1_19' title="bbox 296 4203 813 4252">
     <span class='ocr_line' id='line_1_38' title="bbox 296 4203 813 4252; baseline 0.002 -2"><span class='ocrx_word' id='word_1_336' title='bbox 296 4213 326 4250; x_wconf 84' lang='lat' dir='ltr'>an</span> <span class='ocrx_word' id='word_1_337' title='bbox 343 4212 395 4252; x_wconf 85' lang='lat' dir='ltr'>ras.</span> <span class='ocrx_word' id='word_1_338' title='bbox 729 4203 734 4214; x_wconf 66' lang='lat'><strong><em>⁴</em></strong></span> <span class='ocrx_word' id='word_1_339' title='bbox 801 4207 813 4216; x_wconf 78' lang='grc'>”</span> 
     </span>
    </p>
   </div>
   <div class='ocr_carea' id='block_1_14' title="bbox 0 0 1424 4822">
    <p class='ocr_par' dir='ltr' id='par_1_20' title="bbox 0 0 1424 4822">
     <span class='ocr_line' id='line_1_39' title="bbox 0 0 1424 4822; baseline 0 8"><span class='ocrx_word' id='word_1_340' title='bbox 0 0 1424 4822; x_wconf 95' lang='lat' dir='ltr'> </span> 
     </span>
    </p>
   </div>
  </div>
 </body>
</html>
