2802 4726
223 251 289 320 476

647 277 656 297 ·
686 203 794 317 maa
811 257 856 318 w.

1116 355 1122 390 l

224 427 328 495 omnia
348 427 488 506 tulisset,
516 423 670 491 ‹fieutore
691 422 727 489 P.
749 420 899 496 Cornelio
927 422 1013 491 dielo
1036 427 1106 514 ipse
1136 425 1176 492 ab
1200 451 1241 495 eo
1266 453 1333 496 ma

224 535 321 626 gister
343 531 486 622 equilum
514 537 638 595 creatus
666 536 724 595 eet.
763 526 914 619 exemplo
937 527 997 594 fuit
1026 529 1157 620 collegis
1182 553 1218 598 se
1242 555 1333 598 eum·

225 661 293 728 que
314 633 521 716 intuentibus,
552 656 650 722 quam
677 630 775 722 gratia
798 642 894 721 atque
921 631 1028 700 bonos
1056 636 1263 726 oportuniora
1290 638 1334 702 in

224 740 351 808 terdum
379 762 446 805 non
474 735 673 830 cupienbbua
705 746 822 804 essent.
858 735 983 804 bellum
1004 737 1092 805 haud
1119 741 1333 810 memorabile

195 845 293 913 eluit.
332 865 398 910 uuo
421 854 517 934 atque
540 861 580 910 eo
611 841 695 908 laessi
723 839 844 931 praelio
871 843 957 913 caesi
986 843 1027 908 ad
1049 841 1180 910 Antium
1206 844 1334 914 hostes.

227 947 508 1017 victorexercilus
531 945 743 1036 depopulatus
758 945 917 1014 Vulscum
939 970 1061 1036 agrum.
1099 949 1267 1017 castellum
1293 953 1335 1017 ad

224 1053 332 1121 lacum
347 1051 503 1120 Fucinum
523 1051 556 1118 vi
577 1060 795 1140 expugnatum
817 1061 913 1141 atque
934 1051 967 1117 in
984 1075 1024 1119 eo
1047 1054 1105 1120 tria
1121 1054 1206 1122 milia
1227 1053 1335 1121 homi-

225 1145 304 1226 num
332 1168 425 1248 capta
452 1154 565 1224 celeris
587 1153 715 1222 Vulaeia
742 1152 824 1221 intra
845 1155 972 1222 moenia
1003 1158 1166 1249 conpulsis
1193 1183 1252 1226 nec
1277 1161 1334 1227 de-

165 1314 170 1340 ,
222 1260 425 1342 lendenubue
453 1281 556 1350 agros.
594 1258 729 1327 dictator
754 1257 842 1326 bello
864 1259 908 1326 ita
934 1269 1024 1350 gesto
1052 1273 1087 1328 ut
1114 1274 1240 1330 tantum
1260 1287 1335 1334 non

177 1381 213 1436 10
225 1365 363 1434 debuisse
384 1365 531 1433 iornmae
552 1362 728 1447 videretur,
754 1363 905 1432 felicitate
928 1387 1024 1454 quam
1046 1365 1145 1456 gloria
1170 1368 1275 1434 maior
1297 1371 1336 1434 in

224 1470 337 1538 urbem
370 1468 452 1536 redit
485 1466 733 1558 magistramque
765 1491 801 1536 se
834 1467 999 1537 abdicavit
1043 1469 1159 1536 tribuni
1188 1470 1335 1538 militum

154 1623 162 1636 .
223 1565 387 1642 mentione
408 1573 496 1640 nulla
519 1555 721 1640 comitiorum
743 1573 959 1640 consularium
980 1573 1088 1642 habita
1102 1613 1147 1626 -
1168 1575 1264 1644 eredo
1285 1575 1331 1643 ob

222 1680 302 1746 iram
325 1677 485 1746 dictatoris
507 1676 604 1745 creati
624 1714 669 1726 -
690 1677 891 1746 tribunomm
913 1677 1051 1748 militum
1073 1680 1201 1750 comitia
1223 1679 1331 1748 edixe-

243 1859 268 1914 1.
287 1858 349 1930 ipre
372 1857 410 1914 ab
434 1876 470 1914 eo
492 1857 636 1936 magister
658 1858 740 1931 equi-

263 2001 266 2012 ,
287 1951 350 2000 tum
367 1952 485 2000 creatae
498 1952 557 2001 eat.-
574 1939 625 1998 ΡΜ
636 1938 710 2001 Harl.
722 1961 740 2001 1.

284 2027 362 2088 Lod.
380 2048 396 2087 ι
415 2029 464 2102 al]
488 2029 547 2107 ipae
573 2030 606 2087 ab
630 2049 662 2086 eo
684 2049 739 2085 ma·

285 2119 370 2193 gislei·
387 2121 507 2194 equilum
529 2125 634 2174 creatus
652 2136 740 2174 exem·

285 2202 331 2281 plo
350 2203 402 2260 fuit
420 2213 471 2263 eet.

239 2291 265 2348 2
294 2291 431 2365 exemplo
454 2289 524 2362 fuit
550 2290 674 2368 collegia
706 2311 740 2348 ae
773 2343 778 2350 .

284 2395 410 2452 eumque
419 2376 614 2434 intuentibnr:
626 2379 740 2436 exenni.

281 2465 335 2536 un]
348 2463 470 2544 exemplo
479 2463 531 2522 luit
539 2463 655 2538 collegae
667 2484 740 2524 eun·

286 2570 340 2628 que
376 2552 542 2611 intuentibus
575 2549 620 2623 (Μ
649 2573 685 2613 m.
714 2554 741 2612 ss.

285 2636 363 2700 Leid.
375 2660 392 2700 1.
400 2645 419 2713 ).
432 2675 467 2686 -
479 2634 555 2700 llio.
569 2644 594 2700 1.
605 2637 627 2698 P
639 2639 740 2700 Μαι-[ι.

282 2727 739 2812 eltexemploloiteollegieeumq.

283 2815 458 2876 intuentibus.
468 2845 503 2858 -
516 2815 649 2895 collegia
661 2819 739 2874 reali·

285 2902 415 2959 tuendum
426 2901 567 2960 videbatur
585 2912 613 2959 et
629 2902 665 2959 ob
681 2921 745 2964 eam.

283 3007 390 3044 eausam
408 3008 442 3046 ee
459 2987 646 3055 adiiciendum,
664 2987 739 3064 quod

281 3074 406 3147 inprimis
424 3075 547 3132 tribunos
559 3072 673 3136 militum
690 3074 738 3149 qui

281 3155 397 3216 Servilio
425 3177 457 3215 ae
483 3161 586 3216 senatui
614 3156 735 3216 oblocuti

279 3256 369 3317 erant,
387 3255 448 3303 unte
466 3243 559 3302 oeulos
576 3241 656 3304 Livio
675 3265 735 3308 oum

280 3337 319 3392 lla
348 3334 479 3396 scriberet
508 3331 592 3390 luisse
625 3353 736 3390 necesse

281 3432 346 3481 erat.
372 3431 612 3503 unamquamquam
631 3430 657 3478 el
675 3421 736 3479 aliis

279 3509 435 3570 bominibus
452 3510 546 3568 eadem
558 3531 602 3567 ree
615 3509 736 3590 exemplo

280 3613 341 3651 erae
353 3607 467 3671 poterat,
482 3608 572 3655 tamen
584 3617 676 3654 eorum
688 3617 736 3675 po·

281 3682 336 3736 tius
354 3684 422 3738 ratio
436 3691 493 3738 eret
504 3683 627 3741 habenda
644 3687 690 3761 qui
703 3705 737 3741 ne

238 3803 243 3824 ι
280 3763 396 3826 dictator
427 3768 563 3826 (liceretur
591 3771 736 3850 prohibue-

280 3865 342 3913 rant
357 3866 389 3915 ut
404 3857 460 3935 ipsi
471 3857 501 3913 in
512 3857 669 3932 magistratu
681 3877 737 3915 ma·

281 3953 384 4004 nerent.
414 3965 446 4002 ae
470 3963 505 4002 ne
526 3945 660 4023 collegae
678 3947 737 4020 qui·

282 4030 352 4099 dem,
366 4034 391 4087 ri
404 4033 584 4088 intuentiam
597 4030 632 4087 ed
644 4051 735 4109 quem·

279 4116 321 4170 via
334 4115 415 4174 alium
425 4116 599 4188 referebatur,
610 4118 663 4175 hoe
674 4117 735 4176 loco

872 1857 940 1913 satia
969 1857 1111 1914 commode
1139 1857 1246 1916 viderur
1274 1855 1333 1912 (liei

872 1947 1004 2024 poluisse.
1019 1977 1051 1988 -
1064 1943 1109 2005 cf.
1127 1946 1153 2014 l,
1171 1947 1228 2003 ln:
1247 1944 1333 2012 „bre-

839 2053 845 2064 ·
872 2034 934 2086 vion
952 2040 979 2087 et
996 2036 1153 2106 tompore“:
1172 2040 1200 2089 et
1216 2029 1248 2091 Τ.
1266 2029 1333 2088 Livi

871 2117 890 2178 l.
908 2139 971 2177 xxx.
988 2139 1017 2195 p.
1034 2137 1105 2176 xxn'.
1123 2137 1148 2176 n.

828 2223 855 2281 ³.
881 2222 1089 2296 opor-turriam:
1122 2219 1164 2293 Μ]
1196 2231 1334 2298 opportu-

873 2308 950 2364 niora
967 2305 1031 2377 (P).
1044 2339 1077 2350 -
1096 2307 1137 2366 ll:
1154 2305 1256 2366 bellum
1275 2309 1335 2366 aud

834 2429 838 2437 ·
872 2393 1045 2454 memorabile
1062 2393 1121 2454 luit.

828 2503 856 2561 ὗ.
874 2521 933 2559 utro
945 2509 1036 2578 atque
1049 2521 1084 2558 eo
1095 2499 1190 2573 facili
1196 2501 1335 2576 proelio:

872 2585 1335 2650 Mm.2.P.-llm.1.:uno

874 2685 955 2754 atque
974 2697 1006 2734 eo
1023 2675 1097 2736 facili
1115 2697 1147 2734 eo
1162 2679 1167 2743 Ι
1182 2673 1245 2758 plin.
1276 2747 1282 2760 ,

829 2782 856 2839 6.
875 2780 910 2838 V
906 2781 1159 2860 ulecwnlagrum:
1177 2777 1243 2850 ΡΜ]
1262 2775 1333 2835 Vol-

872 2870 956 2926 lcum.

826 2970 852 3026 7.
872 2968 905 3024 ui
924 2977 1144 3046 expugnatum.-
1167 2967 1197 3026 P.
1223 2995 1259 3012 ·-
1287 2967 1331 3026 ll:

869 3053 916 3108 uix
933 3064 1120 3130 expugnatum.
1139 3083 1173 3098 ···
1192 3050 1256 3111 Plllr
1276 3059 1331 3113 triu

847 3181 850 3202 .
869 3136 944 3198 milia
962 3138 1110 3200 bominum.

810 3247 851 3305 ·8.
868 3245 974 3301 ceteris
986 3243 1098 3302 uulecie
1111 3246 1192 3301 intra
1209 3248 1330 3302 moenia

871 3331 1039 3407 conpulsis:
1067 3331 1125 3393 ΡΜ.
1151 3349 1199 3376 -’
1212 3330 1287 3392 Harl.
1308 3352 1329 3392 ι.

867 3416 945 3478 Leid.
962 3437 980 3479 r.
1003 3417 1051 3479 ela
1077 3430 1196 3479 ceterum
1217 3417 1328 3477 Volscis

870 3509 940 3564 intra
959 3517 1010 3567 cel.

811 3595 855 3654 10.
874 3595 905 3649 in
923 3595 1024 3651 urbem
1041 3595 1133 3652 redit:
1151 3593 1198 3652 ΡΜ
1214 3593 1291 3653 llarl.
1308 3616 1327 3653 r.

869 3680 947 3741 held.
957 3701 974 3740 ι.
984 3681 1032 3752 al]
1046 3682 1076 3737 iu
1088 3683 1180 3738 urbem
1190 3680 1279 3741 rediit.
1290 3713 1326 3723 -

867 3767 910 3826 ll:
927 3773 963 3829 tr.
976 3771 1032 3827 mrl
1044 3767 1260 3826 mentioneuulla
1273 3779 1327 3829 eet.

809 3859 852 3932 la,
870 3857 1055 3914 tribunorum
1071 3857 1203 3916 militum
1221 3887 1255 3898 -
1283 3855 1325 3913 lll:

825 3958 828 3988 ¹
867 3951 903 4002 tr.
935 3943 1009 4000 milla
1036 3945 1143 4000 nomilia
1173 3943 1324 4002 edixerunt.

826 4054 829 4073 ·
869 4030 905 4088 P:
916 4031 1025 4089 ¹tribuni
1036 4032 1124 4090 milito
1139 4033 1263 4090 comitiae
1281 4031 1323 4088 di-

870 4119 977 4178 xerunt.
