2836 4720
218 193 282 304 iao
688 245 797 306 nana
814 247 846 308 n.

218 409 308 492 abiit,
330 407 368 474 C.
390 403 508 476 Nautio
530 419 563 476 et
584 407 620 478 P.
645 407 773 478 Valerio
796 409 979 478 consulibus
1001 409 1090 478 initio
1116 408 1224 476 atatim
1247 411 1324 476 anni

209 514 257 581 ‘ab
279 513 316 580 L.
339 512 488 581 Caedicio
510 525 544 582 ct
565 512 605 581 Τ.
626 510 727 582 Statio
749 515 882 583 tribunis
904 516 955 582 die
978 511 1075 596 dicta,
1092 505 1169 580 ‘non
1194 523 1231 580 ut
1253 512 1324 580 Ma-

216 619 328 687 nenius
350 617 497 709 precibus
520 615 584 686 suis
606 629 662 688 aut
682 628 810 708 patmm
831 619 890 686 sed
911 638 986 687 eum
1012 617 1113 684 multa
1138 616 1254 684 fiducia
1276 617 1324 684 in-

218 723 384 792 noccnfiae
406 723 589 814 gratiaeque
610 721 793 792 tribunicios
814 724 951 814 impetus
972 722 1053 792 tulit.
1079 732 1112 791 et
1131 722 1207 790 huic
1228 745 1324 813 pree

188 829 295 899 tlitnn
329 851 405 895 cum
432 827 547 894 luscis
574 828 615 896 ad
642 828 817 896 Ianiculum
851 839 919 896 erat
947 824 1077 896 crimini.
1115 827 1173 894 sed
1205 826 1323 894 fervidi

217 931 313 1001 aninti
334 929 382 1000 vir
403 971 448 982 -
468 931 559 998 utin
581 933 709 1026 publico
730 933 874 1026 periculo
896 943 970 1000 ante
992 933 1037 1000 sie
1051 943 1121 1000 tum
1142 923 1176 999 in
1197 955 1259 1000 suo
1274 969 1321 982 -

215 1060 281 1105 non
306 1026 450 1106 aitands
477 1038 578 1108 modo
605 1039 662 1106 sed
688 1038 819 1130 plebem
847 1037 988 1106 oratione
1021 1036 1120 1104 feroci
1150 1036 1320 1104 refutando
1403 1091 1405 1120 .

216 1141 505 1232 exprobrandoque
525 1143 565 1210 Τ.
589 1143 718 1212 Meneni
739 1143 974 1210 damnationem
995 1152 1205 1232 mortemque,
1228 1140 1321 1208 cuius

215 1246 314 1338 patris
342 1269 475 1315 munere
502 1248 647 1316 restituta
671 1249 838 1340 quondam
865 1245 957 1338 plebs
993 1267 1050 1313 eos
1081 1246 1169 1336 ipsos
1202 1245 1321 1337 quibus

170 1362 285 1423 totum
302 1353 440 1421 saeviret
460 1353 660 1444 magistratus
683 1375 737 1424 eas
759 1353 846 1445 leges
868 1349 1008 1434 haberet,
1029 1351 1207 1441 periculum
1223 1349 1321 1420 auda

216 1457 264 1523 eia
285 1456 445 1526 discussit.
466 1457 546 1546 iuvit
567 1470 601 1526 ct
614 1457 782 1550 Verginius
804 1456 927 1547 collega
948 1457 1037 1524 testis
1053 1455 1227 1546 productus
1249 1478 1320 1546 par·
1354 1538 1356 1542 .

112 1602 119 1630 i
215 1561 375 1651 ticipando
397 1561 523 1646 laudes,
550 1564 651 1654 magis
673 1549 781 1632 tanien
802 1561 1027 1632 Menenianum
1049 1600 1093 1610 —
1115 1560 1195 1628 adeo
1217 1571 1318 1627 muta·

119 1713 122 1722 ·
215 1676 325 1733 verant
347 1666 489 1734 animum
510 1705 555 1718 -·-
577 1667 697 1760 profluit
717 1667 878 1735 iudicium.
980 1655 983 1665 ⁸

302 1769 381 1840 Llll.
427 1771 608 1842 Certamina
637 1773 724 1842 domi
745 1773 842 1842 linita.
879 1771 998 1842 Veiens
1019 1769 1141 1838 bellum
1169 1780 1317 1840 exortum

169 1891 202 1946 15
215 1874 330 1964 quibus
352 1867 462 1944 sitini
485 1901 572 1945 anna
595 1879 847 1968 coniunxerant
871 1878 907 1946 Ρ.
930 1875 1075 1946 Valerius
1102 1873 1216 1942 consul
1239 1873 1317 1943 acti·

212 1979 252 2046 tis
274 1977 459 2075 latinorum
486 1981 759 2077 Hemicorumque
788 1981 910 2050 auxiliis
941 2006 1016 2052 cum
1046 1979 1188 2048 exercitu
1216 1977 1316 2047 Veios

213 2084 328 2152 missus
347 2095 453 2151 casua
476 2083 607 2168 Sabina,
641 2109 723 2176 quae
745 2110 804 2178 pro
827 2083 1183 2183 moenibuslsoeiorum
1210 2083 1315 2151 locata

213 2199 310 2272 erant,
333 2187 501 2256 confestim
524 2189 717 2278 adgreditur,
741 2200 926 2280 tantamque
948 2189 1191 2280 trepidationem
1211 2187 1317 2256 iniecit

199 2304 264 2378 ·ut,
292 2293 369 2360 dum
391 2293 525 2384 dispersi
548 2291 599 2359 alii
621 2293 682 2361 alia
703 2293 924 2385 manipulatim
944 2303 1117 2362 excunuut
1144 2293 1184 2360 ad
1209 2317 1314 2362 arcen-

165 2410 202 2466 πο
214 2399 288 2466 dam
308 2397 450 2468 hostium
471 2398 552 2482 visu,
574 2423 612 2466 ea
634 2410 724 2490 porta
750 2399 801 2468 cui
822 2400 910 2490 signa
932 2398 1071 2490 primum
1095 2397 1245 2468 intulerat
1265 2423 1313 2467 ca-

212 2514 351 2592 peretur.
387 2501 469 2570 intra
489 2503 611 2598 uallum
633 2503 746 2573 deinde
769 2504 882 2575 caedes
909 2505 1016 2594 magis·
1037 2526 1135 2593 quiam
1156 2503 1313 2594 proelium
1331 2569 1334 2582 ,

212 2630 293 2677 esse.
329 2606 526 2678 tumultuse
555 2610 664 2680 castris
694 2610 787 2678 etin
812 2609 928 2677 urbem
955 2619 1115 2700 penetrat:
1149 2619 1314 2700 tamquam

273 2793 332 2852 isa
358 2796 481 2861 Λούκιος
502 2795 650 2861 Καιδίκιος
675 2793 730 2853 καὶ
861 2792 1088 2851 conaminedumi
1096 2790 1313 2875 linitocllarlm.

274 2879 355 2945 Τίτος
372 2882 493 2947 Στάτιος.
523 2913 557 2926 -
587 2881 668 2942 Pm.
688 2886 726 2942 1.:
861 2881 882 2940 1.
901 2879 945 2938 Fr.
964 2879 1050 2939 Gron.

273 2963 318 3019 die
336 2965 406 3022 dicta
424 2987 462 3022 no
479 2970 484 3038 Ι
500 2977 592 3027 nonnt.
612 2967 654 3025 ll:
671 2989 727 3024 non
797 2970 841 3044 19.
860 2967 931 3024 dum
949 2967 1080 3042 dispersi
1095 2968 1152 3024 alti
1166 2964 1313 3043 olialscil.

140 3114 145 3120 Ι
272 3057 303 3104 ut
318 3051 323 3120 l
337 3052 450 3111 menius.
474 3083 508 3094 -
531 3053 593 3112 Puta
617 3057 726 3130 proeci-
856 3059 951 3133 porta)
978 3056 1184 3129 manipulatim
1209 3074 1314 3112 exous-2

215 3137 218 3144 “
270 3135 331 3196 bus.
343 3166 377 3180 -
395 3137 435 3196 ll:
453 3139 589 3220 tribuniae
601 3142 726 3220 impetus.
857 3139 1312 3200 runtrPfflcod.'Rhen.—Harlr.:

227 3217 254 3283 5.
271 3225 328 3281 sed
337 3223 460 3298 feruidi
470 3229 564 3294 culmi
573 3231 635 3287 uir:
653 3228 681 3306 Ρ
689 3249 724 3288 m.
857 3230 914 3286 atu·
929 3229 1001 3288 olii.-
1027 3228 1077 3284 aad
1099 3249 1160 3284 eum
1184 3247 1239 3284 non
1256 3223 1311 3284 uno

271 3313 297 3370 i.
309 3311 344 3373 Μ,
358 3343 391 3356 -·
408 3312 478 3384 Pm.
493 3319 532 3375 l.:
550 3317 599 3373 sed
617 3315 736 3375 feruido*
858 3336 952 3373 omnes
969 3319 1072 3392 impetu
1089 3315 1230 3384 ferrentur,
1251 3333 1313 3370 mo·

272 3401 355 3457 animi
372 3403 423 3462 nir.
437 3403 517 3460 -l'z
532 3403 728 3482 petinaloauta
859 3405 1015 3480 uipulolim
1044 3403 1116 3460 idem
1146 3403 1201 3478 iere
1237 3401 1313 3476 quod

216 3488 217 3498 ¹
271 3489 355 3546 ictum
372 3490 401 3545 lu
419 3510 479 3550 auo.
861 3491 992 3567 dispersi
1007 3491 1147 3566 siguificat.
1389 3487 1394 3495 “

227 3572 253 3629 8.
273 3573 405 3630 Meneni:
422 3575 493 3649 Plll]
511 3579 643 3655 Menenli„
797 3581 841 3638 20.
860 3581 910 3634 cui
923 3581 1011 3658 signo
1017 3580 1144 3651 primum
1154 3573 1311 3629 intulerat:

226 3659 252 3713 9.
272 3659 725 3744 quibustumsoeuiretsPMqui·
765 3657 772 3671 ¹
858 3663 907 3720 Pul
934 3665 993 3722 cod.
1018 3661 1103 3718 Rieu.
1129 3657 1203 3716 Harl.
1229 3675 1246 3717 1.
1273 3661 1311 3716 ui·

273 3744 725 3816 bustumaoeuite:llarl.1.Leidu.
856 3771 956 3828 gnum.-
973 3744 1048 3805 Laid.
1067 3767 1084 3805 ι.

210 3833 251 3887 ll.
272 3831 452 3910 Verginius:
469 3835 540 3911 ΡΜ]
558 3837 704 3916 Virginius.
795 3841 838 3898 Ὦ.
857 3860 873 3896 e
891 3835 998 3894 castris
1016 3845 1047 3892 et
1063 3837 1094 3892 in
1106 3836 1221 3893 urbem:
1239 3833 1297 3892 ΡΜ.

209 3919 251 3976 tu.
270 3919 349 3975 odeo
373 3907 561 3983 mutauerant
578 3931 724 3989 animum:
805 3959 837 3970 --
855 3935 1008 4002 tamquam
1027 3926 1090 3981 ucis
1108 3926 1217 4000 captis:
1236 3921 1309 3978 lim.
1401 3943 1405 3952 ·

131 4073 134 4080 Ι
269 4005 326 4065 ΡΜ.
442 4027 445 4036 ’
709 4061 712 4066 ,
853 4017 881 4087 2.
899 4009 942 4084 P]
969 4021 1095 4090 tunquam
1116 4009 1191 4068 Veiis
1214 4009 1308 4085 captia.

209 4095 253 4152 tt.
270 4097 433 4152 cannatina
449 4097 532 4157 domi
541 4101 653 4178 finitos
667 4099 722 4161 ΡΜ.
856 4129 889 4142 ·-
908 4097 936 4158 lll
953 4119 990 4160 m.
1009 4105 1047 4161 l.:
1066 4101 1172 4183 capitia.
