2802 4726
555 321 713 386 narnv.
880 355 894 392 .
991 399 993 402 ¹
1080 306 1185 424 ‚⁴⁹³
1305 367 1333 395 „

87 487 259 577 quicquam
280 488 325 556 rei
348 507 423 557 eum
444 485 553 554 alierrir
574 484 758 558 hominebus
779 507 850 554 esse
878 487 1057 580 pariterque
1080 485 1183 554 inhia

86 591 241 662 beneficio
262 615 301 659 ae
323 591 480 660 maleficio
503 590 649 660 abstineri
679 611 801 660 aeenrn.¹
820 603 966 674 censent,
992 594 1038 662 sic
1058 617 1120 660 vos
1139 593 1183 660 in-

87 697 235 764 terdicitis
256 696 398 787 patribus
412 696 613 798 {commercio
630 695 743 788 plebis,
763 719 806 766 ne
821 719 882 764 nee
899 696 1049 766 eenimte
1063 721 1102 764 ae
1115 719 1184 764 mu-

84 801 240 870 nificentia
267 813 375 868 nostra
404 823 618 892 provocemus
637 800 961 893 plebem-neeplebs
983 801 1076 870 nobis
1098 802 1184 870 dicte

84 906 215 972 audiens
238 915 334 996 atque
357 905 508 974 obediens
529 905 581 976 ait.
619 917 740 996 quanto
762 905 947 989 tandem,'
921 928 949 972 er
963 905 1136 998 qrriequanr
1150 906 1214 974 int

85 1010 176 1076 vobis
197 1031 264 1076 non
286 1009 358 1079 dico
381 1011 480 1104 civilis
500 1012 559 1078 sed
580 1010 710 1078 humani
732 1022 831 1093 esset,
863 1011 971 1079 favere
992 1033 1052 1078 vor
1050 1009 1185 1101 megia,

83 1126 117 1181 et
138 1115 322 1204 quantum
312 1139 345 1182 ιιι
367 1116 458 1185 vobis
481 1126 567 1183 esset
586 1113 750 1207 indulgere
764 1115 872 1236 petius
893 1113 1033 1184 eonimti
1055 1125 1183 1206 patrum

83 1229 179 1309 atque
201 1219 357 1310 obsequio
378 1221 482 1311 plebis
497 1221 658 1310 oportuit?
680 1243 775 1312 quae
786 1220 812 1288 si
834 1231 988 1313 perpetua
1011 1219 1182 1290 eoncordia

84 1324 132 1406 sit,
155 1324 227 1414 quis
248 1349 314 1393 non
336 1326 494 1421 spondere
517 1326 598 1394 ausit
618 1327 795 1394 maximum
821 1325 923 1395 boc'
913 1325 1082 1419 imperium
1103 1324 1185 1392 inter

83 1427 231 1497 finitimos
253 1430 341 1498 brevi
363 1431 505 1498 futurum
528 1433 641 1500 esse‘t“
1098 1483 1102 1492 .
1197 1439 1233 1498 tt

170 1537 227 1606 lV.
269 1533 399 1625 „Atque
414 1561 484 1626 ego,
507 1557 605 1626 quarn
622 1534 687 1603 hoe
702 1534 870 1605 consilium
884 1535 1080 1644 collegarum
1095 1559 1184 1604 meo·

82 1665 219 1706 rum-
241 1663 307 1730 quo
336 1639 495 1707 abducere
520 1639 638 1708 iniecta
664 1663 700 1708 re
728 1663 747 1706 a
770 1640 847 1708 Vere
876 1623 1053 1707 exereitum
1072 1631 1183 1706 nolue-

84 1755 289 1812 runt-*non
310 1741 387 1810 utile
409 1744 516 1812 solum
530 1743 587 1810 sed
602 1743 698 1812 en'am
713 1745 928 1813 necessarium
944 1744 1047 1826 inerit,
1068 1754 1182 1834 postea
1246 1825 1248 1830 Ι

84 1850 252 1916 disseram:
274 1869 359 1914 nune
381 1847 421 1914 de
442 1848 511 1939 ipsa
534 1850 719 1920 condicione
742 1851 846 1918 dicere
866 1847 1068 1916 militantium
1089 1846 1183 1914 libet:

84 1977 182 2044 quam
204 1953 379 2021 orationem
401 1977 467 2020 non
488 1965 565 2067 aput
585 1975 645 2024 ves
674 1956 780 2048 selum
807 1955 865 2022 sed
893 1953 990 2022 etiarn
1016 1952 1050 2018 in
1072 1951 1182 2018 eastris
1197 1961 1231 2018 tt
1292 1991 1303 2022 ι

9 2079 15 2124 ὲ
83 2058 109 2124 si
131 2056 286 2126 habeatur
306 2057 377 2147 ipso
401 2059 542 2126 exercitu
557 2060 762 2152 disceptante,
785 2081 921 2150 aequam
936 2057 1069 2124 arbitror
1084 2054 1183 2123 videri

9 2173 12 2264 ζ
82 2185 194 2254 posse:
227 2161 260 2228 in
281 2185 344 2252 qua
367 2161 394 2228 si
415 2162 492 2229 mihi
514 2163 582 2256 ipse
604 2165 682 2234 nihil
704 2165 792 2259 qnod
820 2163 968 2297 dicerem
986 2163 1019 2228 in
1034 2170 1184 2234 ‚mentem

8 2423 9 2434 χ
102 2356 127 2414 1.
142 2357 315 2431 pariterque
332 2356 363 2412 in
381 2355 445 2413 hir:
466 2355 532 2430 ΡΜ]
549 2337 596 2436 pa·
669 2345 1183 2428 12.aVetr=·Pt1]aveitr.--Pt1=
1281 2385 1290 2394 -

8 2435 9 2452 ’
143 2443 262 2518 riterque
280 2443 308 2496 in
325 2442 368 2500 iis.
385 2472 421 2484 -
443 2441 478 2499 P:
496 2445 596 2501 benefi·
726 2457 834 2522 postea
850 2445 1011 2530 dr'rrerum²

144 2530 186 2584 rio
205 2547 239 2583 an
255 2525 397 2587 maleficio.

100 2616 127 2672 2.
144 2633 247 2670 aecum
258 2623 399 2696 ⁴cen-rent.-⁸
416 2612 439 2669 P
455 2631 490 2671 m.
511 2615 535 2672 1.
553 2613 596 2688 Μ]

144 2720 259 2777 aequum
277 2709 387 2757 censent
405 2700 443 2772 (P
461 2720 497 2760 ιιι.
514 2702 564 2772 9.).

91 2819 125 2832 -·
143 2789 187 2844 ric
197 2809 251 2846 uon
260 2789 435 2845 interdicitis
444 2788 596 2862 patribus.-

144 2874 175 2934 P.
193 2907 227 2918 ·-
249 2873 290 2934 bl:
313 2877 353 2936 eie
375 2895 425 2933 rer
443 2875 596 2933 interdicite

143 2963 274 3040 patribus.
291 2959 361 3023 Coti.
375 2961 476 3023 libent
494 2965 535 3021 rie
546 2983 596 3022 nur

143 3050 302 3107 interdicto
318 3051 439 3126 patribus
466 3072 594 3110 commer-

143 3141 185 3194 cio
203 3138 349 3216 plebis.—
315 3139 402 3197 -:P
422 3143 453 3196 eb
470 3141 475 3212 Ι
490 3143 595 3201 mentio.

144 3245 180 3284 m.
192 3227 231 3284 2:
243 3231 275 3281 οδ
290 3227 296 3297 Ι
312 3229 465 3285 mercia.-
431 3225 551 3286 Harl
562 3247 594 3287 ι

668 2579 711 2636 tt.
729 2595 807 2633 nunc
825 2575 887 2632 de
876 2573 942 2650 τρια
953 2569 1127 2628 condicione
1139 2567 1182 2624 di·

731 2682 799 2722 cere
816 2661 1004 2718 militantium
1022 2658 1107 2714 litet.-
1125 2651 1183 2714 ΡΜ.

729 2779 765 2793 -
787 2749 810 2805 P
831 2767 868 2806 ιιι.
893 2751 931 2806 1.ι
957 2743 1119 2801 conditione.
1148 2770 1182 2784 -

729 2836 766 2893 P:
784 2855 839 2892 non
851 2841 916 2910 aput
933 2851 982 2888 nor
1000 2829 1095 2890 solum.
1107 2857 1141 2870 -
1160 2827 1184 2884 P

730 2943 768 2984 ιιι.
789 2927 826 2982 1.:
839 2921 1001 2998 'disceptate
1019 2937 1055 2977 m.
1067 2917 1108 2974 ΡΑ
1127 2916 1183 2972 'dn-

730 3018 862 3089 eeptrnte.
890 3038 927 3054 -·
954 3007 994 3064 bl:
1012 3023 1124 3082 aequam
1141 3024 1183 3062 ar·

729 3099 818 3156 bitror
832 3100 838 3169 Ι
852 3096 959 3154 uidetur
975 3113 1066 3174 perae.

666 3230 740 3289 17ss
728 3250 758 3286 m
785 3249 846 3306 qna
868 3250 896 3284 rr
890 3224 1030 3284 'milri'
1017 3245 1081 3301 rpre
1107 3219 1184 3280 nihil

143 3313 371 3368 eemmereia.-
336 3309 438 3367 -Μ
464 3331 594 3387 prouoce-

143 3415 203 3454 mus
221 3395 307 3472 plebe
325 3394 382 3454 noi
399 3397 472 3454 dieto
484 3399 596 3462 audiena

140 3491 194 3560 atq.
213 3481 360 3540 aboedienr
377 3486 422 3542 sit.

97 3569 125 3629 6.
141 3570 199 3627 red
215 3569 340 3627 humant
353 3581 448 3630 earet:
465 3569 495 3632 P.
508 3603 542 3616 -
554 3572 595 3632 Μι

140 3657 191 3715 red
207 3656 323 3715 bumana
340 3669 419 3718 erret.

49 3763 52 3770 ·
98 3751 125 3804 9.
142 3744 199 3804 boc
227 3747 395 3821 imperium:
423 3745 454 3808 P.
484 3777 519 3792 ·-
553 3745 593 3807 Μι

139 3827 215 3900 „hoe
242 3835 356 3912 imperio
383 3835 496 3892 inter“=
525 3836 551 3894 b.
569 3855 594 3897 e.

141 3920 269 3994 imperso.
288 3919 332 3981 ct
350 3923 377 3993 i,
396 3923 453 3981 12:
471 3919 580 3984 ferrem.

80 4005 123 4064 12.
142 4025 218 4082 quo:
236 4005 285 4065 ΡΜ
297 4018 324 4064 et
335 4005 391 4068 reli
403 4043 437 4054 -
453 4009 591 4088 Quonim.

143 4095 277 4153 coneilio.
309 4093 427 4153 Muretus
444 4095 527 4172 scribi
544 4117 592 4154 ru·

138 4179 191 4239 luit
209 4183 299 4259 quod,
315 4183 338 4244 1.
356 4181 407 4266 Pr.
420 4183 504 4246 tiron.
522 4187 584 4262 qui.

728 3317 812 3392 quod
832 3315 974 3371 dicerem.
995 3309 1045 3366 ΡΜ
1068 3303 1143 3368 Harl.
1164 3328 1182 3367 1.

727 3399 805 3460 Leid.
826 3419 844 3458 1.
868 3397 950 3470 ab]
942 3419 971 3454 ιιι
993 3417 1046 3476 qua
1068 3398 1093 3452 ei
1114 3395 1182 3454 mihi

637 3475 662 3518 .‘
726 3486 781 3564 ipsi
799 3494 896 3543 eet-
913 3483 946 3541 Si
963 3486 1122 3562 interpretes
1140 3503 1181 3540 re·
1285 3539 1288 3547 ,

726 3580 879 3651 putassent,
900 3573 977 3647 ipre,
998 3571 1120 3650 quamvis
1137 3567 1181 3628 r'e·

643 3701 652 3723 .
728 3660 827 3718 lutiure
855 3658 970 3736 quadarn
1002 3655 1181 3734 coniungendi

727 3750 848 3817 ratione,
870 3747 946 3804 cuiue
973 3743 1045 3823 apud
1072 3743 1180 3802 Livium

729 3845 771 3892 tot
789 3835 909 3912 exempla
921 3837 1101 3914 reperiuntur,
1119 3839 1181 3888 ante

726 3922 804 3980 ntttt
813 3923 933 4000 positum
945 3930 1024 3989 erret,
1036 3928 1125 3976 tamen
1137 3938 1184 3975 res

702 4034 706 4047 =
726 4010 845 4067 ctissime
872 4008 908 4067 ad
933 4009 1061 4066 dr'crrem
1086 4000 1179 4062 referri

724 4117 822 4173 porse,
842 4095 910 4154 nihil
931 4116 998 4152 eane
1018 4095 1115 4152 mutari
1132 4112 1178 4149 ve·

724 4185 846 4246 luissent.
859 4216 894 4227 -
905 4181 945 4254 tle,
957 4189 1110 4242 contentus
1123 4181 1166 4240 ἱὶ.
