<?xml version="1.0" encoding="UTF-8"?>
<!DOCTYPE html PUBLIC "-//W3C//DTD XHTML 1.0 Transitional//EN"
    "http://www.w3.org/TR/xhtml1/DTD/xhtml1-transitional.dtd">
<html xmlns="http://www.w3.org/1999/xhtml" xml:lang="en" lang="en">
 <head>
  <title>
</title>
<meta http-equiv="Content-Type" content="text/html;charset=utf-8" />
  <meta name='ocr-system' content='tesseract 3.04.00' />
  <meta name='ocr-capabilities' content='ocr_page ocr_carea ocr_par ocr_line ocrx_word'/>
</head>
<body>
  <div class='ocr_page' id='page_1' title='image "./titilivirerumro02alscgoog_0529.png"; bbox 0 0 2802 4726; ppageno 0'>
   <div class='ocr_carea' id='block_1_1' title="bbox 232 317 863 385">
    <p class='ocr_par' dir='ltr' id='par_1_1' title="bbox 232 317 863 385">
     <span class='ocr_line' id='line_1_1' title="bbox 232 317 863 385; baseline 0 -1"><span class='ocrx_word' id='word_1_1' title='bbox 232 317 297 385; x_wconf 86' lang='grc'>516</span> <span class='ocrx_word' id='word_1_2' title='bbox 706 323 814 384; x_wconf 75' lang='lat' dir='ltr'><strong>LIBER</strong></span> <span class='ocrx_word' id='word_1_3' title='bbox 832 325 863 384; x_wconf 85' lang='lat' dir='ltr'><strong>V.</strong></span> 
     </span>
    </p>
   </div>
   <div class='ocr_carea' id='block_1_2' title="bbox 199 471 1343 1099">
    <p class='ocr_par' dir='ltr' id='par_1_2' title="bbox 199 471 1341 889">
     <span class='ocr_line' id='line_1_2' title="bbox 199 471 1340 560; baseline -0.005 0"><span class='ocrx_word' id='word_1_4' title='bbox 199 471 202 477; x_wconf 25' lang='grc' dir='ltr'>Ι</span> <span class='ocrx_word' id='word_1_5' title='bbox 233 494 293 560; x_wconf 91' lang='lat' dir='ltr'>lius</span> <span class='ocrx_word' id='word_1_6' title='bbox 315 491 351 560; x_wconf 98' lang='lat' dir='ltr'><strong>L.</strong></span> <span class='ocrx_word' id='word_1_7' title='bbox 376 487 510 558; x_wconf 81' lang='lat' dir='ltr'>Titinius</span> <span class='ocrx_word' id='word_1_8' title='bbox 531 489 568 556; x_wconf 88' lang='lat' dir='ltr'>P.</span> <span class='ocrx_word' id='word_1_9' title='bbox 590 485 724 556; x_wconf 83' lang='lat' dir='ltr'>Maelius</span> <span class='ocrx_word' id='word_1_10' title='bbox 746 487 783 554; x_wconf 88' lang='lat' dir='ltr'>L.</span> <span class='ocrx_word' id='word_1_11' title='bbox 805 487 917 554; x_wconf 86' lang='lat' dir='ltr'>Furius</span> <span class='ocrx_word' id='word_1_12' title='bbox 945 483 1136 554; x_wconf 83' lang='lat' dir='ltr'>Medullinus</span> <span class='ocrx_word' id='word_1_13' title='bbox 1165 484 1204 552; x_wconf 95' lang='lat' dir='ltr'><strong>L.</strong></span> <span class='ocrx_word' id='word_1_14' title='bbox 1231 485 1340 554; x_wconf 88' lang='lat' dir='ltr'>Publi-</span> 
     </span>
     <span class='ocr_line' id='line_1_3' title="bbox 234 591 1340 683; baseline -0.005 -19"><span class='ocrx_word' id='word_1_15' title='bbox 234 597 295 664; x_wconf 87' lang='lat' dir='ltr'>lius</span> <span class='ocrx_word' id='word_1_16' title='bbox 316 596 466 666; x_wconf 85' lang='lat' dir='ltr'><strong>Volscus.</strong></span> <span class='ocrx_word' id='word_1_17' title='bbox 510 591 578 683; x_wconf 89' lang='lat' dir='ltr'>ipsa</span> <span class='ocrx_word' id='word_1_18' title='bbox 605 591 716 682; x_wconf 91' lang='lat' dir='ltr'>plebes</span> <span class='ocrx_word' id='word_1_19' title='bbox 749 591 921 660; x_wconf 80' lang='lat' dir='ltr'>mirabatur</span> <span class='ocrx_word' id='word_1_20' title='bbox 947 613 983 658; x_wconf 87' lang='lat' dir='ltr'>se</span> <span class='ocrx_word' id='word_1_21' title='bbox 1010 600 1132 658; x_wconf 67' lang='lat' dir='ltr'>mutam</span> <span class='ocrx_word' id='word_1_22' title='bbox 1159 614 1229 658; x_wconf 91' lang='lat' dir='ltr'>rem</span> <span class='ocrx_word' id='word_1_23' title='bbox 1257 593 1340 660; x_wconf 85' lang='lat' dir='ltr'>obti-</span> 
     </span>
     <span class='ocr_line' id='line_1_4' title="bbox 237 693 1340 786; baseline -0.001 -19"><span class='ocrx_word' id='word_1_24' title='bbox 237 701 344 768; x_wconf 89' lang='lat' dir='ltr'>nuisse</span> <span class='ocrx_word' id='word_1_25' title='bbox 366 723 432 766; x_wconf 89' lang='lat' dir='ltr'>non</span> <span class='ocrx_word' id='word_1_26' title='bbox 453 699 480 766; x_wconf 91' lang='lat' dir='ltr'>is</span> <span class='ocrx_word' id='word_1_27' title='bbox 502 698 599 765; x_wconf 92' lang='lat' dir='ltr'>modo</span> <span class='ocrx_word' id='word_1_28' title='bbox 622 697 678 786; x_wconf 88' lang='lat' dir='ltr'>qui</span> <span class='ocrx_word' id='word_1_29' title='bbox 699 707 823 764; x_wconf 82' lang='lat' dir='ltr'>creatus</span> <span class='ocrx_word' id='word_1_30' title='bbox 845 706 928 779; x_wconf 74' lang='lat' dir='ltr'>eret,</span> <span class='ocrx_word' id='word_1_31' title='bbox 955 695 1002 763; x_wconf 86' lang='lat' dir='ltr'>vir</span> <span class='ocrx_word' id='word_1_32' title='bbox 1022 693 1117 760; x_wconf 84' lang='lat' dir='ltr'>nrdlis</span> <span class='ocrx_word' id='word_1_33' title='bbox 1138 707 1212 764; x_wconf 78' lang='lat' dir='ltr'>aule</span> <span class='ocrx_word' id='word_1_34' title='bbox 1234 696 1340 773; x_wconf 85' lang='lat' dir='ltr'>bono-</span> 
     </span>
     <span class='ocr_line' id='line_1_5' title="bbox 237 789 1341 889; baseline -0.002 -17"><span class='ocrx_word' id='word_1_35' title='bbox 237 804 322 872; x_wconf 87' lang='lat' dir='ltr'>ribus</span> <span class='ocrx_word' id='word_1_36' title='bbox 344 828 431 888; x_wconf 85' lang='lat' dir='ltr'>usus,</span> <span class='ocrx_word' id='word_1_37' title='bbox 452 814 545 872; x_wconf 83' lang='lat' dir='ltr'>vetus</span> <span class='ocrx_word' id='word_1_38' title='bbox 566 813 691 870; x_wconf 79' lang='lat' dir='ltr'>unum</span> <span class='ocrx_word' id='word_1_39' title='bbox 713 812 841 868; x_wconf 75' lang='lat' dir='ltr'>senator</span> <span class='ocrx_word' id='word_1_40' title='bbox 860 811 895 868; x_wconf 74' lang='lat' dir='ltr'>et</span> <span class='ocrx_word' id='word_1_41' title='bbox 915 809 1020 868; x_wconf 80' lang='lat' dir='ltr'>aetate</span> <span class='ocrx_word' id='word_1_42' title='bbox 1041 789 1107 866; x_wconf 82' lang='lat' dir='ltr'>iani</span> <span class='ocrx_word' id='word_1_43' title='bbox 1128 799 1341 889; x_wconf 53' lang='lat' dir='ltr'>gravisonee</span> 
     </span>
    </p>

    <p class='ocr_par' dir='ltr' id='par_1_3' title="bbox 208 905 1343 1099">
     <span class='ocr_line' id='line_1_6' title="bbox 208 905 1341 998; baseline -0.005 -20"><span class='ocrx_word' id='word_1_44' title='bbox 208 910 313 978; x_wconf 70' lang='lat' dir='ltr'>asans</span> <span class='ocrx_word' id='word_1_45' title='bbox 335 919 461 978; x_wconf 77' lang='lat' dir='ltr'>constat</span> <span class='ocrx_word' id='word_1_46' title='bbox 482 932 539 975; x_wconf 86' lang='lat' dir='ltr'>cur</span> <span class='ocrx_word' id='word_1_47' title='bbox 565 907 684 998; x_wconf 88' lang='lat' dir='ltr'>primus</span> <span class='ocrx_word' id='word_1_48' title='bbox 712 930 750 972; x_wconf 88' lang='lat' dir='ltr'>ae</span> <span class='ocrx_word' id='word_1_49' title='bbox 776 905 958 995; x_wconf 75' lang='lat' dir='ltr'>potissimus</span> <span class='ocrx_word' id='word_1_50' title='bbox 980 905 1023 980; x_wconf 61' lang='lat' dir='ltr'>,ad</span> <span class='ocrx_word' id='word_1_51' title='bbox 1051 927 1175 972; x_wconf 88' lang='lat' dir='ltr'>novum</span> <span class='ocrx_word' id='word_1_52' title='bbox 1197 905 1341 976; x_wconf 81' lang='lat' dir='ltr'>deliban-</span> 
     </span>
     <span class='ocr_line' id='line_1_7' title="bbox 238 1005 1343 1099; baseline -0.001 -18"><span class='ocrx_word' id='word_1_53' title='bbox 238 1015 315 1082; x_wconf 88' lang='lat' dir='ltr'>dum</span> <span class='ocrx_word' id='word_1_54' title='bbox 336 1013 493 1082; x_wconf 84' lang='lat' dir='ltr'><strong>honorem</strong></span> <span class='ocrx_word' id='word_1_55' title='bbox 514 1012 555 1079; x_wconf 79' lang='lat' dir='ltr'>sit</span> <span class='ocrx_word' id='word_1_56' title='bbox 576 1005 711 1078; x_wconf 80' lang='lat' dir='ltr'>habitus.</span> <span class='ocrx_word' id='word_1_57' title='bbox 752 1009 802 1076; x_wconf 84' lang='lat' dir='ltr'>alii</span> <span class='ocrx_word' id='word_1_58' title='bbox 824 1009 883 1076; x_wconf 87' lang='lat' dir='ltr'>Cn.</span> <span class='ocrx_word' id='word_1_59' title='bbox 906 1008 1036 1076; x_wconf 83' lang='lat' dir='ltr'>Comeli</span> <span class='ocrx_word' id='word_1_60' title='bbox 1061 1009 1180 1092; x_wconf 74' lang='lat' dir='ltr'>fratris,</span> <span class='ocrx_word' id='word_1_61' title='bbox 1208 1011 1264 1099; x_wconf 84' lang='lat' dir='ltr'>qui</span> <span class='ocrx_word' id='word_1_62' title='bbox 1286 1013 1343 1080; x_wconf 88' lang='lat' dir='ltr'>tri-</span> 
     </span>
    </p>
   </div>
   <div class='ocr_carea' id='block_1_3' title="bbox 167 1113 1346 1834">
    <p class='ocr_par' dir='ltr' id='par_1_4' title="bbox 218 1113 1344 1417">
     <span class='ocr_line' id='line_1_8' title="bbox 237 1113 1344 1208; baseline 0.001 -24"><span class='ocrx_word' id='word_1_63' title='bbox 237 1119 341 1186; x_wconf 87' lang='lat' dir='ltr'>bunus</span> <span class='ocrx_word' id='word_1_64' title='bbox 362 1118 497 1184; x_wconf 81' lang='lat' dir='ltr'>militum</span> <span class='ocrx_word' id='word_1_65' title='bbox 513 1115 723 1208; x_wconf 76' lang='lat' dir='ltr'>prioreanno</span> <span class='ocrx_word' id='word_1_66' title='bbox 740 1114 842 1182; x_wconf 75' lang='lat' dir='ltr'>bretol</span> <span class='ocrx_word' id='word_1_67' title='bbox 852 1113 1031 1205; x_wconf 78' lang='lat' dir='ltr'>triplexque</span> <span class='ocrx_word' id='word_1_68' title='bbox 1042 1114 1234 1204; x_wconf 77' lang='lat' dir='ltr'>stipendium</span> <span class='ocrx_word' id='word_1_69' title='bbox 1249 1118 1344 1206; x_wconf 88' lang='lat' dir='ltr'>equi-</span> 
     </span>
     <span class='ocr_line' id='line_1_9' title="bbox 236 1218 1344 1310; baseline 0 -22"><span class='ocrx_word' id='word_1_70' title='bbox 236 1223 320 1289; x_wconf 81' lang='lat' dir='ltr'>tibus</span> <span class='ocrx_word' id='word_1_71' title='bbox 343 1223 480 1304; x_wconf 73' lang='lat' dir='ltr'>dederat,</span> <span class='ocrx_word' id='word_1_72' title='bbox 501 1218 600 1310; x_wconf 77' lang='lat' dir='ltr'>gralia</span> <span class='ocrx_word' id='word_1_73' title='bbox 622 1229 800 1286; x_wconf 79' lang='lat' dir='ltr'>extractum</span> <span class='ocrx_word' id='word_1_74' title='bbox 823 1219 1001 1286; x_wconf 83' lang='lat' dir='ltr'>adtentum</span> <span class='ocrx_word' id='word_1_75' title='bbox 1015 1218 1173 1291; x_wconf 86' lang='lat' dir='ltr'><strong>honorem</strong></span> <span class='ocrx_word' id='word_1_76' title='bbox 1192 1222 1344 1306; x_wconf 79' lang='lat' dir='ltr'>eredunt,</span> 
     </span>
     <span class='ocr_line' id='line_1_10' title="bbox 218 1319 1344 1417; baseline 0.002 -25"><span class='ocrx_word' id='word_1_77' title='bbox 218 1327 289 1392; x_wconf 57' lang='lat' dir='ltr'>‘alii</span> <span class='ocrx_word' id='word_1_78' title='bbox 311 1325 486 1394; x_wconf 79' lang='lat' dir='ltr'>orationem</span> <span class='ocrx_word' id='word_1_79' title='bbox 507 1324 614 1414; x_wconf 88' lang='lat' dir='ltr'>ipsum</span> <span class='ocrx_word' id='word_1_80' title='bbox 628 1323 851 1412; x_wconf 77' lang='lat' dir='ltr'>tempestivam</span> <span class='ocrx_word' id='word_1_81' title='bbox 873 1325 913 1391; x_wconf 95' lang='lat' dir='ltr'>de</span> <span class='ocrx_word' id='word_1_82' title='bbox 930 1319 1099 1391; x_wconf 79' lang='lat' dir='ltr'>eoncordia</span> <span class='ocrx_word' id='word_1_83' title='bbox 1120 1324 1267 1392; x_wconf 85' lang='lat' dir='ltr'>ordinum</span> <span class='ocrx_word' id='word_1_84' title='bbox 1281 1349 1344 1417; x_wconf 84' lang='lat' dir='ltr'>pa-</span> 
     </span>
    </p>

    <p class='ocr_par' dir='ltr' id='par_1_5' title="bbox 167 1425 1346 1834">
     <span class='ocr_line' id='line_1_11' title="bbox 167 1425 1346 1521; baseline -0.002 -21"><span class='ocrx_word' id='word_1_85' title='bbox 167 1425 226 1508; x_wconf 54' lang='lat'>&#39;10</span> <span class='ocrx_word' id='word_1_86' title='bbox 237 1431 336 1498; x_wconf 88' lang='lat' dir='ltr'>tribus</span> <span class='ocrx_word' id='word_1_87' title='bbox 364 1429 513 1521; x_wconf 88' lang='lat' dir='ltr'>plebique</span> <span class='ocrx_word' id='word_1_88' title='bbox 540 1439 663 1519; x_wconf 79' lang='lat' dir='ltr'>gratam</span> <span class='ocrx_word' id='word_1_89' title='bbox 681 1426 847 1496; x_wconf 85' lang='lat' dir='ltr'>babuisse.</span> <span class='ocrx_word' id='word_1_90' title='bbox 883 1427 945 1494; x_wconf 83' lang='lat' dir='ltr'>hoe</span> <span class='ocrx_word' id='word_1_91' title='bbox 971 1427 1102 1496; x_wconf 83' lang='lat' dir='ltr'>victoria</span> <span class='ocrx_word' id='word_1_92' title='bbox 1131 1429 1346 1498; x_wconf 75' lang='lat' dir='ltr'>comitiorum</span> 
     </span>
     <span class='ocr_line' id='line_1_12' title="bbox 238 1531 1345 1624; baseline 0.001 -22"><span class='ocrx_word' id='word_1_93' title='bbox 238 1534 417 1604; x_wconf 84' lang='lat' dir='ltr'>exultantes</span> <span class='ocrx_word' id='word_1_94' title='bbox 438 1533 555 1600; x_wconf 80' lang='lat' dir='ltr'>tribuni</span> <span class='ocrx_word' id='word_1_95' title='bbox 575 1531 689 1622; x_wconf 90' lang='lat' dir='ltr'>plebis,</span> <span class='ocrx_word' id='word_1_96' title='bbox 711 1533 799 1622; x_wconf 93' lang='lat' dir='ltr'>quod</span> <span class='ocrx_word' id='word_1_97' title='bbox 820 1533 960 1600; x_wconf 83' lang='lat' dir='ltr'>maxime</span> <span class='ocrx_word' id='word_1_98' title='bbox 980 1557 1051 1600; x_wconf 87' lang='lat' dir='ltr'>rem</span> <span class='ocrx_word' id='word_1_99' title='bbox 1066 1533 1222 1622; x_wconf 83' lang='lat' dir='ltr'>publicam</span> <span class='ocrx_word' id='word_1_100' title='bbox 1232 1534 1345 1624; x_wconf 88' lang='lat' dir='ltr'>impe-</span> 
     </span>
     <span class='ocr_line' id='line_1_13' title="bbox 239 1636 1344 1723; baseline 0.002 -17"><span class='ocrx_word' id='word_1_101' title='bbox 239 1639 353 1723; x_wconf 74' lang='lat' dir='ltr'>diebet,</span> <span class='ocrx_word' id='word_1_102' title='bbox 375 1639 416 1705; x_wconf 90' lang='lat' dir='ltr'>de</span> <span class='ocrx_word' id='word_1_103' title='bbox 437 1637 556 1704; x_wconf 83' lang='lat' dir='ltr'>tributo</span> <span class='ocrx_word' id='word_1_104' title='bbox 578 1636 776 1706; x_wconf 85' lang='lat' dir='ltr'>remiserunt.</span> <span class='ocrx_word' id='word_1_105' title='bbox 814 1637 966 1706; x_wconf 79' lang='lat' dir='ltr'>collatum</span> <span class='ocrx_word' id='word_1_106' title='bbox 988 1637 1172 1708; x_wconf 71' lang='lat' dir='ltr'>obedienter</span> <span class='ocrx_word' id='word_1_107' title='bbox 1189 1639 1344 1708; x_wconf 89' lang='lat' dir='ltr'>missum-</span> 
     </span>
     <span class='ocr_line' id='line_1_14' title="bbox 239 1741 642 1834; baseline -0.01 -23"><span class='ocrx_word' id='word_1_108' title='bbox 239 1767 302 1834; x_wconf 86' lang='lat' dir='ltr'>que</span> <span class='ocrx_word' id='word_1_109' title='bbox 325 1743 367 1810; x_wconf 85' lang='lat' dir='ltr'>ad</span> <span class='ocrx_word' id='word_1_110' title='bbox 388 1741 562 1809; x_wconf 88' lang='lat' dir='ltr'>exereitum</span> <span class='ocrx_word' id='word_1_111' title='bbox 584 1750 642 1810; x_wconf 84' lang='lat' dir='ltr'>est.</span> 
     </span>
    </p>
   </div>
   <div class='ocr_carea' id='block_1_4' title="bbox 300 1890 1344 1996">
    <p class='ocr_par' dir='ltr' id='par_1_6' title="bbox 300 1890 1344 1996">
     <span class='ocr_line' id='line_1_15' title="bbox 300 1890 1344 1996; baseline 0.004 -20"><span class='ocrx_word' id='word_1_112' title='bbox 300 1920 490 1987; x_wconf 80' lang='lat' dir='ltr'>nominaretur,</span> <span class='ocrx_word' id='word_1_113' title='bbox 507 1915 644 1995; x_wconf 80' lang='lat' dir='ltr'>similique</span> <span class='ocrx_word' id='word_1_114' title='bbox 660 1918 752 1975; x_wconf 85' lang='lat' dir='ltr'>ibier-</span> <span class='ocrx_word' id='word_1_115' title='bbox 835 1891 867 1978; x_wconf 62' lang='grc'>19.</span> <span class='ocrx_word' id='word_1_116' title='bbox 885 1920 952 1996; x_wconf 71' lang='lat' dir='ltr'>insa</span> <span class='ocrx_word' id='word_1_117' title='bbox 977 1890 1080 1994; x_wconf 68' lang='lat' dir='ltr'>plebes</span> <span class='ocrx_word' id='word_1_118' title='bbox 1111 1921 1276 1978; x_wconf 78' lang='lat' dir='ltr'>mirabatur</span> <span class='ocrx_word' id='word_1_119' title='bbox 1309 1943 1344 1980; x_wconf 80' lang='lat' dir='ltr'>se</span> 
     </span>
    </p>
   </div>
   <div class='ocr_carea' id='block_1_5' title="bbox 298 2005 753 2170">
    <p class='ocr_par' dir='ltr' id='par_1_7' title="bbox 298 2005 753 2170">
     <span class='ocr_line' id='line_1_16' title="bbox 301 2005 753 2083; baseline 0 -21"><span class='ocrx_word' id='word_1_120' title='bbox 301 2021 372 2064; x_wconf 84' lang='lat' dir='ltr'>rore¹</span> <span class='ocrx_word' id='word_1_121' title='bbox 388 2009 521 2064; x_wconf 78' lang='lat' dir='ltr'>Licinius</span> <span class='ocrx_word' id='word_1_122' title='bbox 551 2005 677 2074; x_wconf 54' lang='lat' dir='ltr'>Caluum</span> <span class='ocrx_word' id='word_1_123' title='bbox 705 2007 753 2083; x_wconf 90' lang='lat' dir='ltr'>qui</span> 
     </span>
     <span class='ocr_line' id='line_1_17' title="bbox 298 2091 751 2170; baseline -0.002 -20"><span class='ocrx_word' id='word_1_124' title='bbox 298 2093 380 2150; x_wconf 88' lang='lat' dir='ltr'>modo</span> <span class='ocrx_word' id='word_1_125' title='bbox 409 2091 535 2151; x_wconf 79' lang='lat' dir='ltr'>Publius</span> <span class='ocrx_word' id='word_1_126' title='bbox 565 2102 635 2162; x_wconf 80' lang='lat' dir='ltr'>erat,</span> <span class='ocrx_word' id='word_1_127' title='bbox 669 2092 751 2170; x_wconf 85' lang='lat' dir='ltr'>paulo</span> 
     </span>
    </p>
   </div>
   <div class='ocr_carea' id='block_1_6' title="bbox 240 2181 753 2255">
    <p class='ocr_par' dir='ltr' id='par_1_8' title="bbox 240 2181 753 2255">
     <span class='ocr_line' id='line_1_18' title="bbox 240 2181 753 2255; baseline 0.004 -21"><span class='ocrx_word' id='word_1_128' title='bbox 240 2233 241 2242; x_wconf 67' lang='grc'>,</span> <span class='ocrx_word' id='word_1_129' title='bbox 300 2189 364 2255; x_wconf 83' lang='lat' dir='ltr'>post</span> <span class='ocrx_word' id='word_1_130' title='bbox 380 2181 490 2250; x_wconf 72' lang='lat' dir='ltr'>Leuius</span> <span class='ocrx_word' id='word_1_131' title='bbox 508 2181 679 2250; x_wconf 74' lang='lat' dir='ltr'>scriberetur,</span> <span class='ocrx_word' id='word_1_132' title='bbox 697 2199 753 2237; x_wconf 87' lang='lat' dir='ltr'>nou</span> 
     </span>
    </p>
   </div>
   <div class='ocr_carea' id='block_1_7' title="bbox 299 2265 752 2344">
    <p class='ocr_par' dir='ltr' id='par_1_9' title="bbox 299 2265 752 2344">
     <span class='ocr_line' id='line_1_19' title="bbox 299 2265 752 2344; baseline 0.004 -24"><span class='ocrx_word' id='word_1_133' title='bbox 299 2265 477 2323; x_wconf 80' lang='lat' dir='ltr'>dubitavimus</span> <span class='ocrx_word' id='word_1_134' title='bbox 496 2268 530 2326; x_wconf 84' lang='lat' dir='ltr'><strong>L.</strong></span> <span class='ocrx_word' id='word_1_135' title='bbox 546 2269 684 2324; x_wconf 76' lang='lat' dir='ltr'>Titinium</span> <span class='ocrx_word' id='word_1_136' title='bbox 701 2287 752 2344; x_wconf 88' lang='lat' dir='ltr'>pro</span> 
     </span>
    </p>
   </div>
   <div class='ocr_carea' id='block_1_8' title="bbox 215 2351 754 2516">
    <p class='ocr_par' dir='ltr' id='par_1_10' title="bbox 215 2351 754 2516">
     <span class='ocr_line' id='line_1_20' title="bbox 257 2351 754 2414; baseline -0.004 -6"><span class='ocrx_word' id='word_1_137' title='bbox 257 2369 259 2374; x_wconf 83' lang='grc'><strong>’</strong></span> <span class='ocrx_word' id='word_1_138' title='bbox 300 2371 365 2408; x_wconf 83' lang='lat' dir='ltr'>vero</span> <span class='ocrx_word' id='word_1_139' title='bbox 383 2353 490 2411; x_wconf 87' lang='lat' dir='ltr'>babere.</span> <span class='ocrx_word' id='word_1_140' title='bbox 517 2351 554 2414; x_wconf 91' lang='lat' dir='ltr'><strong>P.</strong></span> <span class='ocrx_word' id='word_1_141' title='bbox 565 2355 695 2412; x_wconf 77' lang='lat' dir='ltr'>Maelius</span> <span class='ocrx_word' id='word_1_142' title='bbox 713 2361 754 2408; x_wconf 77' lang='lat' dir='ltr'>est</span> 
     </span>
     <span class='ocr_line' id='line_1_21' title="bbox 215 2437 753 2516; baseline 0.004 -20"><span class='ocrx_word' id='word_1_143' title='bbox 215 2475 222 2497; x_wconf 56' lang='grc' dir='ltr'><em>ι</em></span> <span class='ocrx_word' id='word_1_144' title='bbox 300 2440 330 2496; x_wconf 88' lang='lat' dir='ltr'>iu</span> <span class='ocrx_word' id='word_1_145' title='bbox 356 2437 396 2508; x_wconf 82' lang='lat' dir='ltr'>ld,</span> <span class='ocrx_word' id='word_1_146' title='bbox 427 2449 454 2497; x_wconf 73' lang='lat' dir='ltr'>el</span> <span class='ocrx_word' id='word_1_147' title='bbox 479 2441 508 2497; x_wconf 91' lang='lat' dir='ltr'>in</span> <span class='ocrx_word' id='word_1_148' title='bbox 534 2438 557 2496; x_wconf 89' lang='lat' dir='ltr'><strong>P</strong></span> <span class='ocrx_word' id='word_1_149' title='bbox 578 2446 610 2516; x_wconf 69' lang='lat' dir='ltr'>p.</span> <span class='ocrx_word' id='word_1_150' title='bbox 639 2441 753 2498; x_wconf 80' lang='lat' dir='ltr'>melius.</span> 
     </span>
    </p>
   </div>
   <div class='ocr_carea' id='block_1_9' title="bbox 301 2525 754 2778">
    <p class='ocr_par' dir='ltr' id='par_1_11' title="bbox 301 2525 754 2778">
     <span class='ocr_line' id='line_1_22' title="bbox 301 2525 753 2605; baseline 0 -22"><span class='ocrx_word' id='word_1_151' title='bbox 301 2525 445 2584; x_wconf 86' lang='lat' dir='ltr'>Deindeiu</span> <span class='ocrx_word' id='word_1_152' title='bbox 454 2527 503 2584; x_wconf 83' lang='grc' dir='ltr'>ΡΜ</span> <span class='ocrx_word' id='word_1_153' title='bbox 511 2531 643 2605; x_wconf 84' lang='lat' dir='ltr'>reperitur</span> <span class='ocrx_word' id='word_1_154' title='bbox 653 2527 753 2588; x_wconf 85' lang='lat' dir='ltr'><strong>L.Fu·</strong></span> 
     </span>
     <span class='ocr_line' id='line_1_23' title="bbox 301 2614 753 2675; baseline -0.007 -3"><span class='ocrx_word' id='word_1_155' title='bbox 301 2615 365 2672; x_wconf 76' lang='lat' dir='ltr'>rius</span> <span class='ocrx_word' id='word_1_156' title='bbox 385 2615 579 2675; x_wconf 81' lang='lat' dir='ltr'>Medullinus.</span> <span class='ocrx_word' id='word_1_157' title='bbox 612 2614 753 2672; x_wconf 72' lang='lat' dir='ltr'>Postremo</span> 
     </span>
     <span class='ocr_line' id='line_1_24' title="bbox 302 2701 754 2778; baseline -0.007 -19"><span class='ocrx_word' id='word_1_158' title='bbox 302 2701 363 2759; x_wconf 86' lang='lat' dir='ltr'>loeo</span> <span class='ocrx_word' id='word_1_159' title='bbox 393 2703 501 2760; x_wconf 84' lang='lat' dir='ltr'>ridetur</span> <span class='ocrx_word' id='word_1_160' title='bbox 527 2701 653 2778; x_wconf 78' lang='lat' dir='ltr'>Sigonius</span> <span class='ocrx_word' id='word_1_161' title='bbox 680 2710 754 2758; x_wconf 86' lang='lat' dir='ltr'>reete</span> 
     </span>
    </p>
   </div>
   <div class='ocr_carea' id='block_1_10' title="bbox 137 2771 754 2870">
    <p class='ocr_par' dir='ltr' id='par_1_12' title="bbox 137 2771 754 2870">
     <span class='ocr_line' id='line_1_25' title="bbox 137 2771 754 2870; baseline -0.008 -20"><span class='ocrx_word' id='word_1_162' title='bbox 137 2771 143 2784; x_wconf 85' lang='lat'><strong>.</strong></span> <span class='ocrx_word' id='word_1_163' title='bbox 178 2847 182 2870; x_wconf 37' lang='grc' dir='ltr'>Ι,</span> <span class='ocrx_word' id='word_1_164' title='bbox 302 2791 485 2867; x_wconf 75' lang='lat' dir='ltr'>scripsissel..</span> <span class='ocrx_word' id='word_1_165' title='bbox 494 2789 651 2858; x_wconf 81' lang='lat' dir='ltr'>Publilius,</span> <span class='ocrx_word' id='word_1_166' title='bbox 663 2807 754 2866; x_wconf 82' lang='lat' dir='ltr'>quam·</span> 
     </span>
    </p>
   </div>
   <div class='ocr_carea' id='block_1_11' title="bbox 300 2873 756 3128">
    <p class='ocr_par' dir='ltr' id='par_1_13' title="bbox 300 2873 756 3128">
     <span class='ocr_line' id='line_1_26' title="bbox 302 2873 755 2954; baseline -0.002 -21"><span class='ocrx_word' id='word_1_167' title='bbox 302 2897 382 2954; x_wconf 84' lang='lat' dir='ltr'>quam</span> <span class='ocrx_word' id='word_1_168' title='bbox 403 2880 431 2934; x_wconf 89' lang='lat' dir='ltr'>in</span> <span class='ocrx_word' id='word_1_169' title='bbox 448 2875 522 2936; x_wconf 72' lang='lat' dir='ltr'>Harl.</span> <span class='ocrx_word' id='word_1_170' title='bbox 540 2897 557 2933; x_wconf 90' lang='lat' dir='ltr'>r.</span> <span class='ocrx_word' id='word_1_171' title='bbox 582 2887 623 2932; x_wconf 82' lang='lat' dir='ltr'>est</span> <span class='ocrx_word' id='word_1_172' title='bbox 644 2876 680 2934; x_wconf 78' lang='lat' dir='ltr'><strong>L.</strong></span> <span class='ocrx_word' id='word_1_173' title='bbox 697 2873 755 2932; x_wconf 93' lang='lat' dir='ltr'>Po·</span> 
     </span>
     <span class='ocr_line' id='line_1_27' title="bbox 300 2961 756 3037; baseline -0.004 -18"><span class='ocrx_word' id='word_1_174' title='bbox 300 2965 393 3037; x_wconf 86' lang='lat' dir='ltr'>pilius</span> <span class='ocrx_word' id='word_1_175' title='bbox 410 2964 553 3033; x_wconf 78' lang='lat' dir='ltr'>Volscus,</span> <span class='ocrx_word' id='word_1_176' title='bbox 575 2965 604 3020; x_wconf 90' lang='lat' dir='ltr'>in</span> <span class='ocrx_word' id='word_1_177' title='bbox 621 2961 643 3018; x_wconf 88' lang='lat' dir='ltr'>P</span> <span class='ocrx_word' id='word_1_178' title='bbox 663 2963 684 3022; x_wconf 81' lang='lat' dir='ltr'>l.</span> <span class='ocrx_word' id='word_1_179' title='bbox 703 2982 756 3036; x_wconf 86' lang='lat' dir='ltr'>po·</span> 
     </span>
     <span class='ocr_line' id='line_1_28' title="bbox 301 3048 756 3128; baseline -0.002 -25"><span class='ocrx_word' id='word_1_180' title='bbox 301 3050 395 3128; x_wconf 75' lang='lat' dir='ltr'>pilius</span> <span class='ocrx_word' id='word_1_181' title='bbox 413 3051 529 3119; x_wconf 81' lang='lat' dir='ltr'>uoisco,</span> <span class='ocrx_word' id='word_1_182' title='bbox 547 3052 576 3106; x_wconf 89' lang='lat' dir='ltr'>in</span> <span class='ocrx_word' id='word_1_183' title='bbox 593 3049 620 3107; x_wconf 83' lang='lat' dir='ltr'>bl</span> <span class='ocrx_word' id='word_1_184' title='bbox 635 3049 658 3106; x_wconf 77' lang='grc' dir='ltr'>Ι.</span> <span class='ocrx_word' id='word_1_185' title='bbox 673 3048 756 3122; x_wconf 85' lang='lat' dir='ltr'>popi-</span> 
     </span>
    </p>
   </div>
   <div class='ocr_carea' id='block_1_12' title="bbox 133 3134 755 3210">
    <p class='ocr_par' dir='ltr' id='par_1_14' title="bbox 133 3134 755 3210">
     <span class='ocr_line' id='line_1_29' title="bbox 133 3134 755 3210; baseline -0.002 -20"><span class='ocrx_word' id='word_1_186' title='bbox 133 3152 137 3162; x_wconf 80' lang='grc'><strong>“</strong></span> <span class='ocrx_word' id='word_1_187' title='bbox 202 3173 205 3186; x_wconf 83' lang='grc'><strong>.</strong></span> <span class='ocrx_word' id='word_1_188' title='bbox 303 3134 364 3190; x_wconf 83' lang='lat' dir='ltr'>lius</span> <span class='ocrx_word' id='word_1_189' title='bbox 388 3136 472 3192; x_wconf 74' lang='lat' dir='ltr'>uoles</span> <span class='ocrx_word' id='word_1_190' title='bbox 499 3135 573 3210; x_wconf 88' lang='lat' dir='ltr'>quod</span> <span class='ocrx_word' id='word_1_191' title='bbox 595 3135 755 3208; x_wconf 74' lang='lat' dir='ltr'>cognomina</span> 
     </span>
    </p>
   </div>
   <div class='ocr_carea' id='block_1_13' title="bbox 305 3219 755 3386">
    <p class='ocr_par' dir='ltr' id='par_1_15' title="bbox 305 3219 755 3386">
     <span class='ocr_line' id='line_1_30' title="bbox 305 3219 754 3300; baseline -0.011 -19"><span class='ocrx_word' id='word_1_192' title='bbox 305 3219 338 3281; x_wconf 85' lang='lat' dir='ltr'><em>V</em></span> <span class='ocrx_word' id='word_1_193' title='bbox 335 3221 436 3278; x_wconf 82' lang='lat' dir='ltr'>ulscus</span> <span class='ocrx_word' id='word_1_194' title='bbox 457 3230 485 3278; x_wconf 82' lang='lat' dir='ltr'>et</span> <span class='ocrx_word' id='word_1_195' title='bbox 506 3219 611 3289; x_wconf 70' lang='lat' dir='ltr'>Philo,</span> <span class='ocrx_word' id='word_1_196' title='bbox 635 3241 703 3300; x_wconf 89' lang='lat' dir='ltr'>quae</span> <span class='ocrx_word' id='word_1_197' title='bbox 724 3222 754 3276; x_wconf 89' lang='lat' dir='ltr'>iu</span> 
     </span>
     <span class='ocr_line' id='line_1_31' title="bbox 306 3306 755 3386; baseline -0.004 -20"><span class='ocrx_word' id='word_1_198' title='bbox 306 3306 395 3386; x_wconf 70' lang='lat' dir='ltr'>Capit.</span> <span class='ocrx_word' id='word_1_199' title='bbox 418 3308 511 3386; x_wconf 82' lang='lat' dir='ltr'>fragm.</span> <span class='ocrx_word' id='word_1_200' title='bbox 535 3307 672 3385; x_wconf 80' lang='lat' dir='ltr'>leguntur,</span> <span class='ocrx_word' id='word_1_201' title='bbox 696 3307 755 3366; x_wconf 87' lang='lat' dir='ltr'>Pu·</span> 
     </span>
    </p>
   </div>
   <div class='ocr_carea' id='block_1_14' title="bbox 304 3396 775 3478">
    <p class='ocr_par' dir='ltr' id='par_1_16' title="bbox 304 3396 775 3478">
     <span class='ocr_line' id='line_1_32' title="bbox 304 3396 775 3478; baseline -0.004 -25"><span class='ocrx_word' id='word_1_202' title='bbox 304 3397 396 3454; x_wconf 81' lang='lat' dir='ltr'>bliliia</span> <span class='ocrx_word' id='word_1_203' title='bbox 423 3417 478 3454; x_wconf 92' lang='lat' dir='ltr'>uon</span> <span class='ocrx_word' id='word_1_204' title='bbox 504 3396 631 3472; x_wconf 85' lang='lat' dir='ltr'>Popiliis</span> <span class='ocrx_word' id='word_1_205' title='bbox 655 3396 775 3478; x_wconf 75' lang='lat' dir='ltr'>tribue-⁴</span> 
     </span>
    </p>
   </div>
   <div class='ocr_carea' id='block_1_15' title="bbox 305 3483 758 3908">
    <p class='ocr_par' dir='ltr' id='par_1_17' title="bbox 305 3483 758 3908">
     <span class='ocr_line' id='line_1_33' title="bbox 305 3483 756 3570; baseline 0 -32"><span class='ocrx_word' id='word_1_206' title='bbox 305 3492 406 3553; x_wconf 82' lang='lat' dir='ltr'>rentur,</span> <span class='ocrx_word' id='word_1_207' title='bbox 419 3495 451 3541; x_wconf 86' lang='lat' dir='ltr'>-et</span> <span class='ocrx_word' id='word_1_208' title='bbox 466 3505 596 3570; x_wconf 80' lang='lat' dir='ltr'>persaepe</span> <span class='ocrx_word' id='word_1_209' title='bbox 616 3483 720 3542; x_wconf 72' lang='lat' dir='ltr'>litterae</span> <span class='ocrx_word' id='word_1_210' title='bbox 738 3502 756 3538; x_wconf 90' lang='lat' dir='ltr'>o</span> 
     </span>
     <span class='ocr_line' id='line_1_34' title="bbox 305 3575 756 3650; baseline 0.004 -26"><span class='ocrx_word' id='word_1_211' title='bbox 305 3578 333 3624; x_wconf 79' lang='lat' dir='ltr'>st</span> <span class='ocrx_word' id='word_1_212' title='bbox 351 3590 382 3638; x_wconf 85' lang='lat' dir='ltr'>u,</span> <span class='ocrx_word' id='word_1_213' title='bbox 396 3593 420 3646; x_wconf 82' lang='lat' dir='ltr'>p</span> <span class='ocrx_word' id='word_1_214' title='bbox 434 3582 465 3630; x_wconf 81' lang='lat' dir='ltr'>et</span> <span class='ocrx_word' id='word_1_215' title='bbox 482 3575 499 3629; x_wconf 86' lang='lat' dir='ltr'>b</span> <span class='ocrx_word' id='word_1_216' title='bbox 518 3576 588 3638; x_wconf 74' lang='lat' dir='ltr'>inter</span> <span class='ocrx_word' id='word_1_217' title='bbox 604 3592 635 3629; x_wconf 88' lang='lat' dir='ltr'>se</span> <span class='ocrx_word' id='word_1_218' title='bbox 648 3590 756 3650; x_wconf 88' lang='lat' dir='ltr'>permu-</span> 
     </span>
     <span class='ocr_line' id='line_1_35' title="bbox 305 3653 757 3716; baseline 0 -4"><span class='ocrx_word' id='word_1_219' title='bbox 305 3663 434 3714; x_wconf 71' lang='lat' dir='ltr'>tarentur.</span> <span class='ocrx_word' id='word_1_220' title='bbox 461 3653 603 3715; x_wconf 79' lang='lat' dir='ltr'>Praeterea</span> <span class='ocrx_word' id='word_1_221' title='bbox 620 3678 684 3716; x_wconf 82' lang='lat' dir='ltr'>vero</span> <span class='ocrx_word' id='word_1_222' title='bbox 703 3677 757 3714; x_wconf 83' lang='lat' dir='ltr'>ma·</span> 
     </span>
     <span class='ocr_line' id='line_1_36' title="bbox 306 3741 758 3818; baseline 0.002 -20"><span class='ocrx_word' id='word_1_223' title='bbox 306 3761 358 3818; x_wconf 81' lang='lat' dir='ltr'>gna</span> <span class='ocrx_word' id='word_1_224' title='bbox 375 3741 455 3800; x_wconf 86' lang='lat' dir='ltr'>buius</span> <span class='ocrx_word' id='word_1_225' title='bbox 471 3745 525 3800; x_wconf 88' lang='lat' dir='ltr'>loci</span> <span class='ocrx_word' id='word_1_226' title='bbox 537 3745 680 3802; x_wconf 69' lang='lat' dir='ltr'>difficultas</span> <span class='ocrx_word' id='word_1_227' title='bbox 691 3743 758 3800; x_wconf 80' lang='lat' dir='ltr'>baec</span> 
     </span>
     <span class='ocr_line' id='line_1_37' title="bbox 306 3830 757 3908; baseline -0.002 -20"><span class='ocrx_word' id='word_1_228' title='bbox 306 3840 361 3900; x_wconf 76' lang='lat' dir='ltr'>est,</span> <span class='ocrx_word' id='word_1_229' title='bbox 388 3831 460 3908; x_wconf 87' lang='lat' dir='ltr'>quod</span> <span class='ocrx_word' id='word_1_230' title='bbox 478 3830 573 3888; x_wconf 86' lang='lat' dir='ltr'>Livius</span> <span class='ocrx_word' id='word_1_231' title='bbox 596 3832 646 3888; x_wconf 84' lang='lat' dir='ltr'>hos</span> <span class='ocrx_word' id='word_1_232' title='bbox 664 3849 757 3888; x_wconf 85' lang='lat' dir='ltr'>omues</span> 
     </span>
    </p>
   </div>
   <div class='ocr_carea' id='block_1_16' title="bbox 253 3918 758 3995">
    <p class='ocr_par' dir='ltr' id='par_1_18' title="bbox 253 3918 758 3995">
     <span class='ocr_line' id='line_1_38' title="bbox 253 3918 758 3995; baseline -0.002 -20"><span class='ocrx_word' id='word_1_233' title='bbox 253 3925 259 3944; x_wconf 61' lang='lat'>⁸</span> <span class='ocrx_word' id='word_1_234' title='bbox 307 3919 430 3976; x_wconf 76' lang='lat' dir='ltr'>tribunos</span> <span class='ocrx_word' id='word_1_235' title='bbox 447 3920 575 3995; x_wconf 73' lang='lat' dir='ltr'>patricios</span> <span class='ocrx_word' id='word_1_236' title='bbox 588 3918 671 3976; x_wconf 84' lang='lat' dir='ltr'>luisse</span> <span class='ocrx_word' id='word_1_237' title='bbox 683 3918 758 3986; x_wconf 81' lang='lat' dir='ltr'>dicit,</span> 
     </span>
    </p>
   </div>
   <div class='ocr_carea' id='block_1_17' title="bbox 305 4005 758 4253">
    <p class='ocr_par' dir='ltr' id='par_1_19' title="bbox 305 4005 758 4253">
     <span class='ocr_line' id='line_1_39' title="bbox 309 4005 757 4084; baseline -0.004 -22"><span class='ocrx_word' id='word_1_238' title='bbox 309 4025 370 4062; x_wconf 86' lang='lat' dir='ltr'>eum</span> <span class='ocrx_word' id='word_1_239' title='bbox 398 4007 507 4064; x_wconf 85' lang='lat' dir='ltr'>nomina</span> <span class='ocrx_word' id='word_1_240' title='bbox 535 4005 613 4064; x_wconf 76' lang='lat' dir='ltr'>allata</span> <span class='ocrx_word' id='word_1_241' title='bbox 640 4007 757 4084; x_wconf 84' lang='lat' dir='ltr'>exeeptis</span> 
     </span>
     <span class='ocr_line' id='line_1_40' title="bbox 306 4088 758 4170; baseline -0.002 -22"><span class='ocrx_word' id='word_1_242' title='bbox 306 4088 405 4150; x_wconf 78' lang='lat' dir='ltr'>lllrnlio</span> <span class='ocrx_word' id='word_1_243' title='bbox 423 4104 451 4150; x_wconf 81' lang='lat' dir='ltr'>et</span> <span class='ocrx_word' id='word_1_244' title='bbox 467 4091 550 4152; x_wconf 84' lang='lat' dir='ltr'>Furio</span> <span class='ocrx_word' id='word_1_245' title='bbox 572 4093 692 4170; x_wconf 84' lang='lat' dir='ltr'>plebeios</span> <span class='ocrx_word' id='word_1_246' title='bbox 711 4111 758 4148; x_wconf 87' lang='lat' dir='ltr'>eos</span> 
     </span>
     <span class='ocr_line' id='line_1_41' title="bbox 305 4175 634 4253; baseline 0.009 -23"><span class='ocrx_word' id='word_1_247' title='bbox 305 4175 389 4235; x_wconf 80' lang='lat' dir='ltr'>luisse</span> <span class='ocrx_word' id='word_1_248' title='bbox 406 4190 525 4253; x_wconf 81' lang='lat' dir='ltr'>arguant.</span> <span class='ocrx_word' id='word_1_249' title='bbox 628 4213 634 4219; x_wconf 43' lang='grc' dir='ltr'><strong><em>ι</em></strong></span> 
     </span>
    </p>
   </div>
   <div class='ocr_carea' id='block_1_18' title="bbox 884 2008 1344 2170">
    <p class='ocr_par' dir='ltr' id='par_1_20' title="bbox 884 2008 1344 2170">
     <span class='ocr_line' id='line_1_42' title="bbox 885 2008 1344 2071; baseline 0.002 -7"><span class='ocrx_word' id='word_1_250' title='bbox 885 2016 1000 2064; x_wconf 72' lang='lat' dir='ltr'>tautam</span> <span class='ocrx_word' id='word_1_251' title='bbox 1015 2025 1078 2063; x_wconf 82' lang='lat' dir='ltr'>rem</span> <span class='ocrx_word' id='word_1_252' title='bbox 1099 2008 1261 2071; x_wconf 77' lang='lat' dir='ltr'>obtinuisse</span> <span class='ocrx_word' id='word_1_253' title='bbox 1278 2029 1344 2065; x_wconf 82' lang='lat' dir='ltr'>nou</span> 
     </span>
     <span class='ocr_line' id='line_1_43' title="bbox 884 2093 1343 2170; baseline 0.007 -20"><span class='ocrx_word' id='word_1_254' title='bbox 884 2097 911 2151; x_wconf 85' lang='lat' dir='ltr'>is</span> <span class='ocrx_word' id='word_1_255' title='bbox 924 2093 1016 2150; x_wconf 69' lang='lat' dir='ltr'>vmodo</span> <span class='ocrx_word' id='word_1_256' title='bbox 1043 2095 1096 2170; x_wconf 83' lang='lat' dir='ltr'>qui</span> <span class='ocrx_word' id='word_1_257' title='bbox 1114 2105 1233 2152; x_wconf 78' lang='lat' dir='ltr'>creatus</span> <span class='ocrx_word' id='word_1_258' title='bbox 1257 2106 1343 2153; x_wconf 83' lang='lat' dir='ltr'>erat:</span> 
     </span>
    </p>
   </div>
   <div class='ocr_carea' id='block_1_19' title="bbox 833 2178 1343 2250">
    <p class='ocr_par' dir='ltr' id='par_1_21' title="bbox 833 2178 1343 2250">
     <span class='ocr_line' id='line_1_44' title="bbox 833 2178 1343 2250; baseline 0.01 -17"><span class='ocrx_word' id='word_1_259' title='bbox 833 2217 836 2224; x_wconf 84' lang='lat'>-</span> <span class='ocrx_word' id='word_1_260' title='bbox 883 2179 941 2248; x_wconf 72' lang='grc' dir='ltr'>ΒΜ.</span> <span class='ocrx_word' id='word_1_261' title='bbox 969 2178 1067 2250; x_wconf 62' lang='lat' dir='ltr'>ldaior,v</span> <span class='ocrx_word' id='word_1_262' title='bbox 1081 2180 1211 2234; x_wconf 80' lang='lat' dir='ltr'>orationis</span> <span class='ocrx_word' id='word_1_263' title='bbox 1239 2184 1286 2237; x_wconf 85' lang='lat' dir='ltr'>vis</span> <span class='ocrx_word' id='word_1_264' title='bbox 1316 2186 1343 2240; x_wconf 87' lang='lat' dir='ltr'>iu</span> 
     </span>
    </p>
   </div>
   <div class='ocr_carea' id='block_1_20' title="bbox 883 2263 1342 2508">
    <p class='ocr_par' dir='ltr' id='par_1_22' title="bbox 883 2263 1342 2508">
     <span class='ocr_line' id='line_1_45' title="bbox 884 2263 1340 2341; baseline 0.007 -20"><span class='ocrx_word' id='word_1_265' title='bbox 884 2268 951 2341; x_wconf 81' lang='lat' dir='ltr'>ipsu</span> <span class='ocrx_word' id='word_1_266' title='bbox 965 2265 1067 2340; x_wconf 72' lang='lat' dir='ltr'>plebes</span> <span class='ocrx_word' id='word_1_267' title='bbox 1083 2263 1207 2339; x_wconf 80' lang='lat' dir='ltr'>ponenda</span> <span class='ocrx_word' id='word_1_268' title='bbox 1228 2267 1340 2326; x_wconf 79' lang='lat' dir='ltr'>videba-</span> 
     </span>
     <span class='ocr_line' id='line_1_46' title="bbox 883 2351 1342 2427; baseline 0.011 -19"><span class='ocrx_word' id='word_1_269' title='bbox 883 2360 940 2408; x_wconf 72' lang='lat' dir='ltr'>turs</span> <span class='ocrx_word' id='word_1_270' title='bbox 959 2370 1040 2427; x_wconf 83' lang='lat' dir='ltr'>quare</span> <span class='ocrx_word' id='word_1_271' title='bbox 1053 2351 1112 2418; x_wconf 75' lang='lat' dir='ltr'>scd,</span> <span class='ocrx_word' id='word_1_272' title='bbox 1121 2353 1210 2408; x_wconf 72' lang='lat' dir='ltr'>otiam</span> <span class='ocrx_word' id='word_1_273' title='bbox 1224 2372 1286 2412; x_wconf 78' lang='lat' dir='ltr'>non</span> <span class='ocrx_word' id='word_1_274' title='bbox 1300 2357 1342 2412; x_wconf 90' lang='lat' dir='ltr'>de·</span> 
     </span>
     <span class='ocr_line' id='line_1_47' title="bbox 885 2436 1071 2508; baseline -0.011 -14"><span class='ocrx_word' id='word_1_275' title='bbox 885 2436 1054 2506; x_wconf 76' lang='lat' dir='ltr'>siderabitur.</span> <span class='ocrx_word' id='word_1_276' title='bbox 1065 2493 1071 2508; x_wconf 63' lang='lat'><em>,</em></span> 
     </span>
    </p>
   </div>
   <div class='ocr_carea' id='block_1_21' title="bbox 841 2541 1343 2602">
    <p class='ocr_par' dir='ltr' id='par_1_23' title="bbox 841 2541 1343 2602">
     <span class='ocr_line' id='line_1_48' title="bbox 841 2541 1343 2602; baseline 0.002 -3"><span class='ocrx_word' id='word_1_277' title='bbox 841 2545 869 2602; x_wconf 78' lang='grc'>1.</span> <span class='ocrx_word' id='word_1_278' title='bbox 888 2561 942 2598; x_wconf 81' lang='lat' dir='ltr'>uec</span> <span class='ocrx_word' id='word_1_279' title='bbox 966 2543 1042 2598; x_wconf 78' lang='lat' dir='ltr'>satis</span> <span class='ocrx_word' id='word_1_280' title='bbox 1063 2549 1193 2598; x_wconf 74' lang='lat' dir='ltr'>constet:</span> <span class='ocrx_word' id='word_1_281' title='bbox 1215 2541 1275 2602; x_wconf 81' lang='grc' dir='ltr'>ΡΜ.</span> <span class='ocrx_word' id='word_1_282' title='bbox 1310 2577 1343 2588; x_wconf 91' lang='lat'><em>-</em></span> 
     </span>
    </p>
   </div>
   <div class='ocr_carea' id='block_1_22' title="bbox 886 2629 1344 2862">
    <p class='ocr_par' dir='ltr' id='par_1_24' title="bbox 886 2629 1344 2862">
     <span class='ocr_line' id='line_1_49' title="bbox 886 2629 1344 2688; baseline 0.002 -1"><span class='ocrx_word' id='word_1_283' title='bbox 886 2629 959 2687; x_wconf 82' lang='lat' dir='ltr'>Harl.</span> <span class='ocrx_word' id='word_1_284' title='bbox 972 2647 1003 2688; x_wconf 69' lang='grc' dir='ltr'>ιε</span> <span class='ocrx_word' id='word_1_285' title='bbox 1027 2647 1081 2684; x_wconf 80' lang='lat' dir='ltr'>nee</span> <span class='ocrx_word' id='word_1_286' title='bbox 1100 2630 1176 2685; x_wconf 79' lang='lat' dir='ltr'>auiis</span> <span class='ocrx_word' id='word_1_287' title='bbox 1195 2631 1255 2684; x_wconf 61' lang='lat' dir='ltr'>rium</span> <span class='ocrx_word' id='word_1_288' title='bbox 1271 2651 1344 2688; x_wconf 79' lang='lat' dir='ltr'>con-</span> 
     </span>
     <span class='ocr_line' id='line_1_50' title="bbox 887 2717 1343 2794; baseline -0.004 -18"><span class='ocrx_word' id='word_1_289' title='bbox 887 2727 956 2776; x_wconf 71' lang='lat' dir='ltr'><strong>stat.</strong></span> <span class='ocrx_word' id='word_1_290' title='bbox 987 2717 1125 2784; x_wconf 74' lang='lat' dir='ltr'>eL1,1.r</span> <span class='ocrx_word' id='word_1_291' title='bbox 1148 2717 1201 2772; x_wconf 80' lang='lat' dir='ltr'>ism</span> <span class='ocrx_word' id='word_1_292' title='bbox 1222 2720 1343 2794; x_wconf 88' lang='lat' dir='ltr'>primum</span> 
     </span>
     <span class='ocr_line' id='line_1_51' title="bbox 887 2805 1343 2862; baseline -0.004 0"><span class='ocrx_word' id='word_1_293' title='bbox 887 2808 1007 2862; x_wconf 89' lang='lat' dir='ltr'>omniurn</span> <span class='ocrx_word' id='word_1_294' title='bbox 1024 2805 1090 2860; x_wconf 79' lang='lat' dir='ltr'>salis</span> <span class='ocrx_word' id='word_1_295' title='bbox 1108 2813 1220 2860; x_wconf 80' lang='lat' dir='ltr'>oomtst.</span> <span class='ocrx_word' id='word_1_296' title='bbox 1238 2833 1273 2844; x_wconf 89' lang='lat'>-</span> <span class='ocrx_word' id='word_1_297' title='bbox 1298 2805 1343 2860; x_wconf 78' lang='lat' dir='ltr'>fn:</span> 
     </span>
    </p>
   </div>
   <div class='ocr_carea' id='block_1_23' title="bbox 840 2885 1344 3068">
    <p class='ocr_par' dir='ltr' id='par_1_25' title="bbox 840 2885 1344 3068">
     <span class='ocr_line' id='line_1_52' title="bbox 848 2885 1037 2951; baseline 0 0"><span class='ocrx_word' id='word_1_298' title='bbox 848 2885 853 2890; x_wconf 52' lang='grc'><strong><em>’</em></strong></span> <span class='ocrx_word' id='word_1_299' title='bbox 887 2897 924 2951; x_wconf 79' lang='lat' dir='ltr'>sit</span> <span class='ocrx_word' id='word_1_300' title='bbox 941 2895 1037 2951; x_wconf 79' lang='lat' dir='ltr'>abitus.</span> 
     </span>
     <span class='ocr_line' id='line_1_53' title="bbox 840 2991 1344 3068; baseline -0.002 -16"><span class='ocrx_word' id='word_1_301' title='bbox 840 2997 870 3054; x_wconf 80' lang='grc'>6.</span> <span class='ocrx_word' id='word_1_302' title='bbox 890 2995 942 3054; x_wconf 87' lang='lat' dir='ltr'>Cu.</span> <span class='ocrx_word' id='word_1_303' title='bbox 955 2997 1078 3052; x_wconf 83' lang='lat' dir='ltr'>Corneli</span> <span class='ocrx_word' id='word_1_304' title='bbox 1081 2995 1211 3068; x_wconf 82' lang='lat' dir='ltr'>fratris:</span> <span class='ocrx_word' id='word_1_305' title='bbox 1229 2991 1272 3065; x_wconf 89' lang='lat' dir='ltr'>lll]</span> <span class='ocrx_word' id='word_1_306' title='bbox 1288 2992 1344 3056; x_wconf 87' lang='lat' dir='ltr'>Cn.</span> 
     </span>
    </p>
   </div>
   <div class='ocr_carea' id='block_1_24' title="bbox 885 3081 1347 3598">
    <p class='ocr_par' dir='ltr' id='par_1_26' title="bbox 885 3081 1347 3598">
     <span class='ocr_line' id='line_1_54' title="bbox 889 3081 1346 3140; baseline 0.004 -2"><span class='ocrx_word' id='word_1_307' title='bbox 889 3081 1011 3139; x_wconf 85' lang='lat' dir='ltr'>Cornelii</span> <span class='ocrx_word' id='word_1_308' title='bbox 1028 3081 1127 3140; x_wconf 79' lang='lat' dir='ltr'>fratris.</span> <span class='ocrx_word' id='word_1_309' title='bbox 1145 3085 1209 3140; x_wconf 88' lang='lat' dir='ltr'>nim.</span> <span class='ocrx_word' id='word_1_310' title='bbox 1228 3085 1346 3140; x_wconf 76' lang='lat' dir='ltr'>uterini:</span> 
     </span>
     <span class='ocr_line' id='line_1_55' title="bbox 885 3168 1347 3249; baseline 0.009 -25"><span class='ocrx_word' id='word_1_311' title='bbox 885 3183 948 3249; x_wconf 73' lang='lat' dir='ltr'>qum</span> <span class='ocrx_word' id='word_1_312' title='bbox 966 3176 1027 3223; x_wconf 81' lang='lat' dir='ltr'>ante</span> <span class='ocrx_word' id='word_1_313' title='bbox 1051 3168 1216 3226; x_wconf 85' lang='lat' dir='ltr'>decemviros</span> <span class='ocrx_word' id='word_1_314' title='bbox 1235 3181 1347 3228; x_wconf 75' lang='lat' dir='ltr'>creatos</span> 
     </span>
     <span class='ocr_line' id='line_1_56' title="bbox 887 3256 1345 3338; baseline 0.004 -24"><span class='ocrx_word' id='word_1_315' title='bbox 887 3256 1001 3314; x_wconf 85' lang='lat' dir='ltr'>conubia</span> <span class='ocrx_word' id='word_1_316' title='bbox 1019 3258 1089 3312; x_wconf 77' lang='lat' dir='ltr'>inter</span> <span class='ocrx_word' id='word_1_317' title='bbox 1098 3257 1227 3334; x_wconf 82' lang='lat' dir='ltr'>patricios</span> <span class='ocrx_word' id='word_1_318' title='bbox 1247 3266 1274 3313; x_wconf 78' lang='lat' dir='ltr'>et</span> <span class='ocrx_word' id='word_1_319' title='bbox 1286 3259 1345 3338; x_wconf 87' lang='lat' dir='ltr'>ple·</span> 
     </span>
     <span class='ocr_line' id='line_1_57' title="bbox 886 3343 1345 3420; baseline 0.004 -18"><span class='ocrx_word' id='word_1_320' title='bbox 886 3345 962 3402; x_wconf 87' lang='lat' dir='ltr'>beios</span> <span class='ocrx_word' id='word_1_321' title='bbox 972 3343 1214 3420; x_wconf 84' lang='lat' dir='ltr'>promiseualuisse</span> <span class='ocrx_word' id='word_1_322' title='bbox 1226 3343 1259 3403; x_wconf 89' lang='lat' dir='ltr'>L.</span> <span class='ocrx_word' id='word_1_323' title='bbox 1277 3347 1307 3414; x_wconf 75' lang='lat'>4,</span> <span class='ocrx_word' id='word_1_324' title='bbox 1320 3349 1345 3404; x_wconf 77' lang='lat' dir='ltr'>l.</span> 
     </span>
     <span class='ocr_line' id='line_1_58' title="bbox 890 3431 1345 3492; baseline 0.004 -2"><span class='ocrx_word' id='word_1_325' title='bbox 890 3433 965 3492; x_wconf 83' lang='lat' dir='ltr'>dicit.</span> <span class='ocrx_word' id='word_1_326' title='bbox 988 3464 1022 3474; x_wconf 91' lang='lat'>-</span> <span class='ocrx_word' id='word_1_327' title='bbox 1045 3431 1078 3488; x_wconf 88' lang='lat' dir='ltr'>P:</span> <span class='ocrx_word' id='word_1_328' title='bbox 1098 3451 1139 3491; x_wconf 90' lang='lat' dir='ltr'>en.</span> <span class='ocrx_word' id='word_1_329' title='bbox 1158 3431 1272 3488; x_wconf 84' lang='lat' dir='ltr'>cornelii</span> <span class='ocrx_word' id='word_1_330' title='bbox 1293 3435 1345 3492; x_wconf 82' lang='lat' dir='ltr'>fra·</span> 
     </span>
     <span class='ocr_line' id='line_1_59' title="bbox 888 3518 1346 3598; baseline 0.011 -22"><span class='ocrx_word' id='word_1_331' title='bbox 888 3523 938 3577; x_wconf 82' lang='lat' dir='ltr'>elis</span> <span class='ocrx_word' id='word_1_332' title='bbox 946 3521 993 3598; x_wconf 86' lang='lat' dir='ltr'>qui</span> <span class='ocrx_word' id='word_1_333' title='bbox 1001 3518 1062 3579; x_wconf 84' lang='lat' dir='ltr'>trib.</span> <span class='ocrx_word' id='word_1_334' title='bbox 1073 3521 1130 3579; x_wconf 87' lang='lat' dir='ltr'>mrl.</span> <span class='ocrx_word' id='word_1_335' title='bbox 1145 3540 1180 3580; x_wconf 91' lang='lat' dir='ltr'>m.</span> <span class='ocrx_word' id='word_1_336' title='bbox 1191 3522 1230 3580; x_wconf 55' lang='grc' dir='ltr'>Ἅι</span> <span class='ocrx_word' id='word_1_337' title='bbox 1241 3521 1346 3582; x_wconf 72' lang='lat' dir='ltr'>fratris.</span> 
     </span>
    </p>
   </div>
   <div class='ocr_carea' id='block_1_25' title="bbox 843 3621 1346 3702">
    <p class='ocr_par' dir='ltr' id='par_1_27' title="bbox 843 3621 1346 3702">
     <span class='ocr_line' id='line_1_60' title="bbox 843 3621 1346 3702; baseline 0 -19"><span class='ocrx_word' id='word_1_338' title='bbox 843 3627 871 3683; x_wconf 78' lang='lat'><strong>9.</strong></span> <span class='ocrx_word' id='word_1_339' title='bbox 889 3625 1052 3681; x_wconf 78' lang='lat' dir='ltr'>orationem</span> <span class='ocrx_word' id='word_1_340' title='bbox 1070 3625 1180 3702; x_wconf 78' lang='lat' dir='ltr'>ipsum:</span> <span class='ocrx_word' id='word_1_341' title='bbox 1197 3621 1228 3682; x_wconf 89' lang='lat' dir='ltr'><strong>P.</strong></span> <span class='ocrx_word' id='word_1_342' title='bbox 1247 3655 1286 3668; x_wconf 88' lang='lat'><em>-</em></span> <span class='ocrx_word' id='word_1_343' title='bbox 1306 3625 1346 3683; x_wconf 80' lang='lat' dir='ltr'>ld:</span> 
     </span>
    </p>
   </div>
   <div class='ocr_carea' id='block_1_26' title="bbox 889 3709 1346 3875">
    <p class='ocr_par' dir='ltr' id='par_1_28' title="bbox 889 3709 1346 3875">
     <span class='ocr_line' id='line_1_61' title="bbox 889 3709 1346 3791; baseline 0.011 -23"><span class='ocrx_word' id='word_1_344' title='bbox 889 3713 1037 3769; x_wconf 68' lang='lat' dir='ltr'>orationem</span> <span class='ocrx_word' id='word_1_345' title='bbox 1054 3709 1088 3767; x_wconf 88' lang='lat' dir='ltr'>ad</span> <span class='ocrx_word' id='word_1_346' title='bbox 1106 3715 1203 3791; x_wconf 87' lang='lat' dir='ltr'>ipsum.</span> <span class='ocrx_word' id='word_1_347' title='bbox 1216 3739 1253 3764; x_wconf 66' lang='lat' dir='ltr'>-s</span> <span class='ocrx_word' id='word_1_348' title='bbox 1272 3711 1346 3772; x_wconf 89' lang='lat' dir='ltr'>Num</span> 
     </span>
     <span class='ocr_line' id='line_1_62' title="bbox 889 3799 1114 3875; baseline -0.009 -19"><span class='ocrx_word' id='word_1_349' title='bbox 889 3800 933 3856; x_wconf 85' lang='lat' dir='ltr'>ud</span> <span class='ocrx_word' id='word_1_350' title='bbox 949 3799 983 3855; x_wconf 84' lang='lat' dir='ltr'>id</span> <span class='ocrx_word' id='word_1_351' title='bbox 999 3801 1114 3875; x_wconf 79' lang='lat' dir='ltr'>ipsum?</span> 
     </span>
    </p>
   </div>
   <div class='ocr_carea' id='block_1_27' title="bbox 829 3897 1349 4082">
    <p class='ocr_par' dir='ltr' id='par_1_29' title="bbox 829 3897 1349 4082">
     <span class='ocr_line' id='line_1_63' title="bbox 829 3897 1260 3980; baseline 0.012 -22"><span class='ocrx_word' id='word_1_352' title='bbox 829 3899 872 3962; x_wconf 85' lang='lat'><strong>11.</strong></span> <span class='ocrx_word' id='word_1_353' title='bbox 889 3907 976 3980; x_wconf 70' lang='lat' dir='ltr'>remp.</span> <span class='ocrx_word' id='word_1_354' title='bbox 996 3900 1186 3976; x_wconf 79' lang='lat' dir='ltr'>impediebat:</span> <span class='ocrx_word' id='word_1_355' title='bbox 1203 3897 1260 3964; x_wconf 75' lang='grc' dir='ltr'>ΡΜ.</span> 
     </span>
     <span class='ocr_line' id='line_1_64' title="bbox 830 4005 1349 4082; baseline 0.006 -19"><span class='ocrx_word' id='word_1_356' title='bbox 830 4005 873 4066; x_wconf 71' lang='lat'><strong>19.</strong></span> <span class='ocrx_word' id='word_1_357' title='bbox 901 4008 1043 4065; x_wconf 80' lang='lat' dir='ltr'>collatum</span> <span class='ocrx_word' id='word_1_358' title='bbox 1079 4007 1248 4064; x_wconf 80' lang='lat' dir='ltr'>obedienter</span> <span class='ocrx_word' id='word_1_359' title='bbox 1288 4011 1349 4082; x_wconf 82' lang='lat' dir='ltr'>(blr</span> 
     </span>
    </p>
   </div>
   <div class='ocr_carea' id='block_1_28' title="bbox 890 4093 1351 4254">
    <p class='ocr_par' dir='ltr' id='par_1_30' title="bbox 890 4093 1351 4254">
     <span class='ocr_line' id='line_1_65' title="bbox 890 4093 1348 4172; baseline 0.004 -20"><span class='ocrx_word' id='word_1_360' title='bbox 890 4093 1003 4164; x_wconf 84' lang='lat' dir='ltr'>oboed.)</span> <span class='ocrx_word' id='word_1_361' title='bbox 1025 4095 1206 4172; x_wconf 78' lang='lat' dir='ltr'>missumque</span> <span class='ocrx_word' id='word_1_362' title='bbox 1229 4097 1278 4152; x_wconf 84' lang='lat' dir='ltr'>ad</span> <span class='ocrx_word' id='word_1_363' title='bbox 1297 4119 1348 4156; x_wconf 76' lang='lat' dir='ltr'>ex·</span> 
     </span>
     <span class='ocr_line' id='line_1_66' title="bbox 891 4181 1351 4254; baseline 0.013 -18"><span class='ocrx_word' id='word_1_364' title='bbox 891 4184 1012 4244; x_wconf 78' lang='lat' dir='ltr'>ercitum</span> <span class='ocrx_word' id='word_1_365' title='bbox 1041 4181 1091 4252; x_wconf 60' lang='lat'>(1¹2</span> <span class='ocrx_word' id='word_1_366' title='bbox 1121 4185 1252 4254; x_wconf 71' lang='lat' dir='ltr'>mutum)</span> <span class='ocrx_word' id='word_1_367' title='bbox 1287 4196 1351 4243; x_wconf 81' lang='lat' dir='ltr'>eat:</span> 
     </span>
    </p>
   </div>
   <div class='ocr_carea' id='block_1_29' title="bbox 0 0 1421 4726">
    <p class='ocr_par' dir='ltr' id='par_1_31' title="bbox 0 0 1421 4726">
     <span class='ocr_line' id='line_1_67' title="bbox 0 0 1421 4726; baseline 0 0"><span class='ocrx_word' id='word_1_368' title='bbox 0 0 1421 4726; x_wconf 95' lang='lat' dir='ltr'> </span> 
     </span>
    </p>
   </div>
  </div>
 </body>
</html>
