2756 4720
262 296 339 423 '532

641 423 647 438 ,
742 359 849 420 arom
866 355 899 420 v.

276 530 351 596 titae
372 536 428 594 ant
449 523 597 594 invidiam
619 533 695 614 apat
716 533 822 614 patres
845 547 886 591 ex
907 521 1038 614 prodiga
1054 519 1233 612 largitione
1256 543 1358 612 caper

178 689 185 698 .
277 633 395 700 litteras
418 629 457 698 ad
472 639 618 696 senatum
634 627 732 694 misit:
755 627 852 694 deum
866 626 1078 696 inmortalium
1095 626 1319 717 benignitate
1338 651 1358 692 n

278 735 417 806 consiliis
439 732 588 826 patientia
610 733 745 800 militurn
767 731 865 800 Veios
885 732 949 800 iam
977 731 1046 798 lore
1072 731 1106 797 in
1133 741 1324 821 potestate
1345 755 1358 820 p

278 842 346 934 puli
362 839 498 908 Romani
521 877 564 890 -
585 837 723 930 quidde
745 835 861 927 praeda
884 837 1063 904 laciendum
1083 839 1300 904 censerent?
1322 837 1358 901 da

249 957 423 1014 asenatum
445 942 635 1010 distinebant
655 939 846 1008 sententiae:
877 940 961 1008 senis
983 940 1019 1008 P.
1041 939 1158 1022 licini,
1197 965 1358 1032 quemp

279 1074 370 1118 mum
392 1047 509 1116 dixisse
530 1071 549 1114 a
572 1045 636 1114 tilio
658 1044 884 1134 interrogatum
905 1045 1011 1113 lerunt
1024 1043 1105 1112 edici
1117 1043 1242 1136 palam
1267 1045 1358 1136 plaee

156 1131 159 1144 Ι
279 1153 401 1246 populo
424 1163 469 1234 ut,
492 1150 547 1241 qni
569 1147 726 1240 particeps
748 1171 819 1216 esse
834 1151 970 1239 praedae
984 1149 1091 1234 vellet,
1112 1150 1148 1216 in
1165 1161 1288 1218 castra
1302 1147 1358 1216 Vei

280 1258 354 1324 iret:
387 1255 485 1322 altera
508 1253 592 1345 Appi
614 1251 751 1336 Claudii,
775 1254 831 1342 qui
853 1254 1050 1344 largitionem
1068 1278 1199 1322 novam
1223 1255 1358 1346 prodiga

280 1358 480 1450 irraequnlem
506 1357 719 1428 inconsultam
745 1381 896 1448 arguens,
927 1357 955 1424 si
981 1358 1084 1433 semel
1109 1359 1209 1426 nelos
1239 1359 1358 1428 ducere

234 1480 270 1534 10
282 1475 408 1556 captam
441 1488 483 1532 ex
510 1463 656 1533 hostibus
686 1463 719 1528 in
752 1462 871 1530 aerario
899 1462 1055 1530 exhausto
1089 1463 1195 1530 bellis·
1219 1463 1358 1554 pecunia

154 1556 160 1653 ς’
281 1591 369 1651 esse,
392 1579 508 1638 auctor
530 1579 598 1638 erat
624 1565 772 1659 stipendii
799 1588 840 1634 ex
862 1590 898 1634 ea
920 1568 1055 1658 pecunia
1076 1567 1167 1634 militi
1200 1589 1358 1635 numerat

282 1685 319 1740 ut
340 1697 381 1741 eo
403 1673 508 1742 minus
530 1669 637 1744 tributi
658 1670 770 1762 plebes
792 1671 964 1740 conferret:
987 1671 1055 1740 eius
1076 1671 1163 1739 enirn
1189 1673 1277 1742 doni
1302 1671 1358 1740 sod

284 1789 383 1847 tatem
403 1801 551 1847 sensuras
573 1776 745 1867 aequaliter
767 1775 910 1844 omnium
923 1777 1052 1846 domos:
1073 1799 1141 1844 non
1154 1777 1277 1846 avidas
1302 1775 1358 1844 int

283 1883 444 1973 reptiones
466 1903 583 1950 manus
606 1879 781 1948 otiosorum
796 1880 990 1950 mbanornm
1009 1892 1246 1974 praerupturas
1266 1881 1358 1950 fortia

303 2040 330 2096 1.
348 2047 528 2114 apatpatraa
540 2057 581 2096 ea·
589 2037 731 2117 prodigia
740 2037 799 2094 lar-

345 2127 473 2204 gitione.-
488 2123 514 2184 'P
528 2143 567 2185 an.
587 2132 611 2182 1.
630 2155 664 2167 -
682 2123 704 2180 Ρ
720 2143 756 2182 rn.
773 2123 800 2182 Ρ.

348 2207 391 2265 rt:
409 2211 531 2286 prodiga.
544 2243 579 2256 -
589 2210 800 2286 ll:„literm“t

271 2315 277 2330 ’
347 2294 397 2351 aed
415 2313 450 2352 er
466 2293 501 2356 in.
520 2300 546 2356 Ρ.
568 2301 669 2373 scripta
692 2306 756 2354 sunt
769 2305 801 2353 'et

346 2384 376 2440 in
393 2401 446 2442 ras.
465 2413 500 2424 —
526 2382 587 2440 Pll:
605 2386 638 2440 in
653 2392 801 2460 potestate
840 2412 842 2422 ·

344 2475 376 2548 pi.
393 2489 419 2530 r.
436 2468 505 2528 inltt
522 2471 655 2528 bantrcio
674 2490 800 2528 anmann

348 2555 431 2612 altera
449 2577 530 2635 snpra
545 2579 585 2633 pr
607 2561 739 2632 seriptum
760 2567 801 2610 ost

349 2645 487 2719 publicae
510 2647 563 2704 rei.
591 2677 625 2688 -·
656 2645 737 2702 Pm.
761 2645 800 2701 t:

347 2729 540 2809 qnidepraeda.
558 2727 580 2787 P
594 2751 629 2792 m.
642 2734 667 2791 2.
678 2731 717 2787 ll:
735 2725 801 2807 quid

348 2817 383 2872 de
400 2817 509 2894 praeda.

305 2906 331 2962 5.
350 2905 544 2963 distinebant.-
567 2904 595 2963 ll
616 2927 652 2965 nr.
671 2907 696 2964 1.
713 2903 744 2966 P.
767 2936 800 2946 -
824 2951 827 2972 ,

349 2988 377 3046 lll
394 3009 429 3048 nr.
448 2995 473 3050 Ρ.
492 2991 568 3051 Leid.
580 3013 597 3048 r.
616 2991 665 3052 al:
684 2991 800 3047 destine-

350 3076 424 3136 bant.
453 3076 497 3136 ΟΡ.
515 3083 545 3147 9,
569 3081 624 3138 16.ε
648 3077 739 3146 „duae
764 3077 802 3133 sa·

351 3164 455 3220 stiones
481 3173 603 3222 senatum
630 3163 802 3233 distinebant,

315 3239 319 3252 Κ
349 3271 401 3328 una
419 3255 497 3308 euius
514 3253 651 3328 principes
663 3261 740 3309 erant
757 3251 803 3307 de·

353 3339 478 3396 lectionis
504 3361 519 3396 a
542 3338 643 3418 papula
667 3359 689 3397 r.
712 3347 802 3396 aneto·

352 3423 409 3493 r‘es‚
432 3426 514 3482 altera
535 3425 655 3484 fidelium
673 3429 803 3507 aiyinm“.

354 3513 379 3577 t,
398 3515 455 3570 59.=
476 3513 642 3570 distinerent

300 3626 334 3636 -
352 3599 434 3653 aenis
451 3597 487 3657 P.
499 3601 609 3658 Licini.-
627 3600 668 3672 ll]
686 3603 759 3657 senis
772 3599 803 3662 P.

351 3680 804 3762 Licinii.-Reec.qnidamcodd.t

353 3787 414 3824 aaa
437 3772 518 3827 aenis
541 3771 575 3831 P.
598 3775 633 3832 L.
658 3775 736 3851 prob.
759 3773 803 3831 Sl·

351 3856 441 3932 gonio.
725 3877 733 3897 ⁸

296 3943 336 3999 ,8.
353 3944 451 4000 altera
472 3945 554 4020 Appi
576 3946 712 4004 Claudii.-
739 3945 803 4019 ΡΜ]

353 4026 491 4105 alteratlp.
501 4029 617 4092 Claudii.
630 4065 660 4075 -
669 4031 803 4100 lnleids.

238 4161 241 4170 .
352 4114 565 4184 exciditaltera.
574 4122 602 4176 in
611 4117 683 4177 llari.
693 4139 710 4178 r.
718 4122 804 4195 Appi.

353 4225 389 4241 -·
406 4199 429 4254 P
446 4221 481 4258 m.
501 4207 540 4260 tx
557 4202 715 4278 prodigiam.

871 2039 914 2097 tt.
933 2045 966 2094 nt
981 2059 1017 2096 eo
1041 2040 1139 2096 minus
1160 2041 1279 2097 tributi
1296 2039 1358 2115 plel

928 2123 1098 2198 conferret.-
1118 2122 1141 2181 P
1159 2145 1199 2184 m.
1220 2127 1251 2186 2.
1271 2127 1307 2185 ll.
1326 2154 1358 2174 -.

934 2233 970 2272 m.
989 2216 1027 2273 t:
1046 2214 1234 2281 ,‚nteminus“
1256 2223 1311 2272 cet.

871 2301 915 2360 tt.
928 2311 1161 2376 praerepturas:
1193 2298 1250 2358 ΡΜ
1281 2298 1348 2358 Harl

932 2386 1009 2446 Laid.
1027 2407 1045 2446 1.
1063 2387 1114 2460 al]
1135 2400 1357 2466 praerepturas·

931 2475 1152 2551 Praerupturas
1161 2495 1219 2528 non
1234 2475 1312 2530 tdem
1323 2491 1357 2551 «pr

929 2567 1143 2632 praerepturas
1160 2560 1316 2634 significat.
1341 2560 1357 2614 b

932 2645 1004 2700 enim
1033 2644 1200 2718 signiticaret
1230 2649 1312 2715 „sibi
1339 2666 1357 2701 α

933 2739 1034 2810 ptumo,
1044 2731 1097 2788 sibi
1106 2731 1295 2788 vindicaturos
1307 2751 1356 2788 onn

935 2828 1028 2895 captae
1050 2819 1124 2876 urbis
1149 2823 1290 2898 praemia,
1322 2829 1356 2877 ant

934 2927 1013 2983 qnam
1033 2908 1152 2964 viatores
1175 2905 1280 2964 milites
1306 2927 1356 2963 acet

933 2997 1069 3050 sissent“:
1087 2991 1155 3050 illud
1171 2993 1356 3073 „discerptus

875 3113 882 3122 ν
931 3077 1087 3138 divulsuras
1105 3079 1151 3138 illa
1168 3086 1307 3159 praemia,
1334 3102 1356 3139 cr

934 3168 988 3244 ipsi
1005 3169 1099 3225 insana
1109 3169 1264 3246 eupiditate
1281 3181 1312 3226 et
1329 3181 1355 3226 tn

933 3273 1016 3330 quam
1032 3256 1107 3313 rabie
1124 3260 1230 3314 incensi
1248 3277 1307 3313 nno
1319 3278 1355 3336 pn

937 3339 1020 3398 dandi
1046 3342 1139 3400 studio
1165 3344 1336 3405 terrentur‘t

932 3440 1149 3505 praerepturas
1157 3431 1355 3508 igitnrlonger

934 3516 977 3571 ior
993 3518 1034 3574 vis
1046 3519 1125 3586 inest,
1143 3520 1247 3596 qnippe
1258 3539 1318 3596 qua
1329 3539 1354 3577 ro

937 3603 1020 3660 otiosi
1037 3605 1111 3661 eires
1128 3604 1202 3662 riullo
1223 3608 1282 3684 ipsi
1305 3606 1354 3664 labt

937 3688 1074 3765 defatigati
1097 3691 1223 3748 dicentur
1245 3704 1275 3750 et
1299 3694 1354 3750 din

937 3774 1026 3832 baturi
1043 3775 1256 3857 dissipaturiqne
1275 3792 1306 3838 et
1322 3800 1354 3857 pn

936 3866 1040 3940 reptat
1052 3886 1120 3942 qnae
1131 3869 1270 3924 victorum
1290 3868 1353 3925 lueri:

935 3949 1038 4006 similes
1061 3950 1115 4008 loci
1139 3953 1239 4028 quibus
1257 3953 1292 4012 L.
1317 3954 1346 4010 ad

936 4035 1011 4111 qnod
1030 4048 1091 4097 ante
1108 4036 1203 4094 oeulos
1217 4039 1353 4098 babebatt

923 4121 1049 4197 ligentur
1060 4123 1274 4182 describendum
1294 4137 1353 4185 anta

938 4211 1042 4267 ratione
1054 4211 1135 4270 verba
1149 4219 1353 4288 composuerim
