2756 4720
225 291 290 362 522
675 309 681 324 '
697 305 806 366 LIBER
822 305 856 368 v.

225 466 373 538 cecinerit
394 467 499 536 ‹liviuo
522 467 633 558 spiritu
659 467 824 536 instinctus
851 493 890 538 ea
915 493 951 538 se
974 491 1034 536 uec
1059 477 1096 536 ut
1123 467 1268 536 indicta
1293 439 1352 536 sint

223 595 374 640 revocare
396 595 501 662 posse,
523 583 556 642 et
577 573 711 640 tacendo
734 573 867 642 forsitan
888 598 970 664 quae
993 573 1024 640 di
1044 573 1259 640 inmortales
1285 574 1349 642 vol·

94 713 109 734 1
224 678 290 769 gari
318 677 430 760 velint,
463 677 548 744 haud
570 677 674 744 mirrus
702 701 799 768 quam
826 679 957 748 celanda
980 677 1104 747 effando
1133 669 1245 746 nefas
1278 703 1347 746 con

209 776 314 850 'trahi
351 782 398 850 sie
418 781 513 872 igitur
532 779 619 850 libris
641 783 789 850 fatalibus
816 783 862 851 sic
888 783 1051 875 disciplina
1072 783 1224 852 Etrusca
1254 785 1344 851 tradi

186 899 293 960 titum
315 909 395 970 esse,
416 898 453 955 ut
474 887 603 978 quando
626 911 709 978 aqua
731 887 854 958 Albana
876 889 1081 970 abundasset,
1108 899 1184 956 tum
1212 889 1248 956 si
1277 913 1343 956 esu

220 992 386 1061 Romanus
406 991 465 1062 rite
487 992 653 1075 emisisset,
673 991 839 1062 victoriam
860 995 901 1062 de
923 993 1108 1062 Veientibus
1131 993 1222 1062 dari.
1260 1005 1342 1060 ante

220 1121 320 1188 (mam
340 1099 373 1168 id
394 1097 464 1180 liat,
491 1099 570 1170 deos
591 1099 718 1168 moenia
740 1099 922 1169 Veientium
948 1101 1130 1178 deserturos
1155 1123 1235 1166 non
1261 1121 1340 1168 esse.

220 1203 455 1294 exsequebatur
475 1203 548 1270 inde
571 1227 654 1296 quae
682 1201 846 1272 sollenmis
873 1204 1024 1274 derivatio
1051 1214 1149 1273 esset.
1189 1205 1262 1272 sed
1290 1229 1338 1270 au-

220 1319 343 1376 ctorem
364 1307 471 1374 levem
491 1331 552 1376 nee
574 1309 649 1378 satis
670 1308 770 1376 lidum
791 1333 888 1399 super
902 1319 988 1378 tanta
1009 1335 1044 1379 re
1064 1320 1176 1401 patres
1192 1311 1265 1377 rati
1289 1311 1336 1376 de·

175 1431 211 1486 10
223 1435 351 1480 crevere
372 1412 495 1504 legatos
517 1425 685 1504 sortesque
708 1414 828 1482 oraculi
848 1414 971 1506 Pythici
993 1415 1231 1506 expectandus

306 1518 395 1587 XVI.
439 1517 628 1611 Priusquam
650 1545 670 1587 a
691 1519 828 1611 Delphis
849 1530 992 1588 oratores
1013 1519 1153 1586 redirent
1166 1519 1332 1588 Albanive

219 1623 351 1714 prodigii
372 1623 497 1716 piacula
516 1625 745 1710 invenirentur,
771 1624 847 1693 novi
866 1624 984 1694 tribuni
1004 1624 1141 1692 militum
1163 1622 1334 1690 consulari

236 1816 262 1873 t.
279 1815 322 1872 rie
333 1815 425 1895 igitur
435 1816 677 1890 lidrissatolidus
690 1819 734 1876 sie
864 1817 1023 1895 perituram:
1040 1817 1065 1874 si
1082 1835 1229 1894 repressus
1247 1826 1331 1882 osset,

280 1912 345 1959 cet:
365 1903 407 1962 ed.
425 1901 495 1980 lllog.
513 1936 547 1946 -
566 1901 616 1964 ΡΜ
629 1901 701 1964 Harl.
714 1924 732 1966 r.
866 1904 980 1964 Vei0s“.
1001 1935 1034 1950 ν-
1052 1903 1095 1960 tl:
1114 1903 1277 1962 [ortalibus.
1295 1904 1329 1944 ’-

198 2019 209 2058 1
278 1987 355 2048 held.
368 2008 386 2050 r.
405 1989 454 2050 alr
473 1991 545 2060 „bis
562 1993 644 2068 igitur
654 1993 732 2050 libris
866 1987 889 2049 P
907 2013 942 2049 m.
964 1995 1006 2059 l.:,
1018 1991 1145 2046 traditum
1165 2005 1253 2050 essse.

278 2075 403 2134 letalibus
427 2080 468 2136 sle
490 2079 634 2158 disciplina
662 2089 731 2138 etru-
820 2081 848 2139 6.
866 2081 922 2136 rite
944 2081 1104 2136 emisisset:
1127 2077 1151 2136 P
1182 2099 1222 2138 m.
1241 2081 1270 2136 2.
1294 2075 1326 2136 111.

276 2169 344 2222 sea“
363 2175 414 2226 eet.
437 2197 472 2210 -
497 2167 528 2224 Si
555 2171 642 2244 primo
664 2171 732 2226 seri-
865 2199 899 2211 -
917 2165 940 2224 P
957 2185 993 2225 tn.
1015 2169 1052 2226 l.r
1071 2167 1123 2224 rite
1140 2169 1266 2224 emisset.

276 2261 352 2329 ptum
364 2259 422 2310 erat
433 2255 676 2335 contrahirigitur
686 2255 731 2314 lit·
819 2259 849 2314 7:
865 2255 1039 2312 decertares
1054 2275 1208 2313 nonesse:
1220 2253 1299 2316 Harl.
1308 2274 1323 2313 1.

272 2341 338 2399 teris
357 2342 383 2396 ie
401 2348 462 2398 ante
481 2343 512 2418 ig
528 2351 640 2426 propter
656 2345 730 2402 sirni-
863 2340 897 2400 al.
920 2375 953 2384 -
982 2340 1045 2400 Pdl:
1069 2341 1232 2416 deserturos
1255 2364 1322 2402 esse

274 2427 417 2486 litudinern
429 2430 633 2506 praetermissis,
651 2429 731 2488 facile
862 2428 906 2488 Gi.
916 2429 949 2490 Τ.
960 2428 1022 2486 Livi
1039 2429 1058 2491 1.
1071 2451 1132 2490 xxx.
1150 2453 1178 2510 p.
1191 2449 1219 2489 1..
1231 2433 1276 2490 14.
1290 2461 1321 2470 -

276 2518 314 2578 ita
333 2517 414 2572 errari
436 2525 543 2594 poterat
565 2527 596 2576 ut
615 2516 648 2575 di
664 2520 730 2576 seri·
862 2517 901 2577 ll:
929 2516 1136 2596 exequebantur.
1162 2517 1184 2574 P
1210 2516 1287 2576 Harl.
1305 2539 1320 2577 8.

272 2609 349 2686 ptnrn
360 2604 497 2662 videretur
513 2625 566 2684 pro
584 2605 619 2662 1ιί
629 2605 669 2675 bi,
685 2607 730 2663 lit·
863 2603 939 2664 Leid.
951 2626 968 2664 r.
980 2603 1028 2664 el:
1047 2607 1274 2683 exsequebantur.
1287 2637 1320 2648 -

194 2740 196 2753 .
274 2703 385 2770 teraqoe
403 2715 420 2750 e
437 2713 506 2771 quae
523 2693 557 2750 ad
574 2703 730 2772 sequentem
862 2691 904 2750 tt=
924 2694 1087 2752 sollemnia.
1104 2693 1140 2752 P:
1159 2692 1299 2752 solemnis.

213 2803 215 2810 ’
276 2781 407 2857 syllabam
415 2782 575 2859 pertinebat,
587 2783 731 2840 referretur
801 2781 844 2842 10.
863 2778 985 2855 Pythici:
1003 2779 1034 2842 P.
1048 2814 1082 2824 -
1093 2779 1134 2838 tt:
1148 2781 1253 2858 pithici.
1275 2779 1317 2839 Cf.

274 2869 309 2926 ad
321 2869 533 2944 praecedentem.
551 2869 684 2927 Particula
698 2881 730 2938 ut
863 2871 890 2934 5,
907 2869 968 2925 sle
985 2865 1101 2942 Pythiae
1110 2869 1209 2945 Apollo
1223 2867 1316 2938 (Pht).

272 2970 341 3032 qaae
363 2957 498 3033 seqnitur,
521 2959 643 3034 maioris
665 2977 729 3034 pro·
800 2957 843 3014 11.
860 2953 997 3029 Delphis.
1024 2987 1070 3012 -.
1088 2955 1111 3012 P
1132 2975 1169 3014 rn.
1185 2959 1210 3014 2.
1226 2955 1267 3013 M:
1291 2975 1315 3011 er

269 3051 330 3118 pter
347 3044 391 3098 sie
407 3045 563 3103 coniuratio
579 3043 670 3100 finalis
687 3046 728 3102 vi·
797 3089 800 3094 .
859 3042 958 3116 delfin
975 3040 999 3100 P
1016 3063 1052 3104 ru.
1074 3047 1113 3104 1.:
1130 3043 1163 3100 ad
1177 3041 1313 3108 81811187-

273 3127 332 3184 deri
354 3130 456 3205 possit,
478 3138 567 3186 tamen
584 3132 611 3189 h.
629 3129 648 3189 l
665 3131 727 3188 inli-
860 3127 903 3188 Cf.
921 3131 966 3197 41,
984 3132 1043 3190 dh:
1062 3129 1183 3210 Delphos
1198 3161 1231 3172 -
1244 3130 1310 3185 Del-

272 3217 357 3272 oitiro
379 3227 508 3294 sequente
530 3218 658 3276 habeatnr
679 3238 726 3276 ne-
795 3265 800 3274 .
825 3245 833 3260 ·
857 3215 922 3296 pbis
939 3219 1017 3290 (eod.
1029 3217 1179 3287 Laartsb.).
1196 3220 1308 3283 that:

226 3351 251 3367 ..
272 3323 349 3362 cesse
377 3314 420 3362 ert
453 3326 504 3385 pro
534 3307 726 3364 coniunctione
784 3321 787 3331 ·
857 3305 982 3385 Delphos
991 3305 1081 3377 (pua).
1095 3303 1306 3366 al-lllralha-

270 3391 413 3468 temporali
432 3397 491 3464 („so
510 3397 566 3452 wie
583 3393 725 3466 einmal‘n:
857 3396 920 3452 nine
932 3395 1062 3471 prodigii.
1076 3415 1115 3454 m.
1128 3397 1167 3453 2:
1185 3391 1307 3468 prodigii.

271 3481 324 3537 nisi
344 3483 406 3555 quis
423 3481 458 3537 ad
477 3502 534 3540 eam
549 3485 725 3561 interpretas·
797 3483 839 3543 19.
857 3483 930 3538 noui
945 3484 1057 3540 tribuni
1073 3483 1152 3542 med:
1170 3480 1201 3538 P.
1218 3511 1251 3522 --
1268 3477 1306 3535 ll:

268 3566 329 3623 dam
357 3569 467 3626 verbum
494 3571 631 3648 quoddam
660 3589 725 3647 sup·
856 3569 922 3626 noni
939 3575 974 3629 ti.
992 3573 1049 3630 rull.
1073 3568 1168 3634 -„P=
1191 3565 1209 3626 1.
1226 3565 1305 3622 iulius

269 3652 398 3731 plendnm
410 3666 510 3723 censet,
524 3657 601 3714 euius
613 3656 724 3714 dicendi
856 3655 964 3724 utullus.
987 3673 1016 3732 p.
1038 3657 1123 3714 silius.
1147 3655 1231 3712 larius
1251 3671 1304 3709 me·

269 3741 374 3816 generis
393 3741 513 3820 exempla
531 3743 603 3822 apud
614 3742 723 3800 Livium
855 3741 984 3801 dulllons.
1010 3742 1052 3801 tn:
1076 3743 1096 3802 l
1122 3741 1202 3799 iulius
1228 3739 1303 3797 silius

269 3845 469 3906 nonnumquam
486 3828 623 3904 legunturr
641 3831 677 3888 ei.
695 3832 722 3896 2,
855 3829 945 3890 tullos.
958 3828 1082 3910 plurius
1093 3829 1303 3887 medullinus-

173 3949 177 3952 -
268 3919 326 3974 58.:
345 3916 443 3993 „qnod
460 3937 490 3973 se
507 3918 640 3976 vietum“.
676 3914 721 3974 Cf.
854 3916 892 3974 P:
910 3915 1070 3993 religiensis.
1088 3917 1130 3975 lll:
1147 3915 1302 3990 regiliensis.

268 4003 329 4063 Cic.
347 4004 382 4061 de
400 4004 483 4064 divin.
501 4007 527 4073 2,
540 4007 598 4063 32:
617 4006 664 4071 „si
681 4001 720 4058 la·
852 4037 886 4051 -
909 4005 945 4064 P:
971 4004 1151 4081 malngiensis.
1173 4024 1198 4063 a.
1222 4023 1301 4061 mam·

267 4109 316 4146 cus
337 4089 458 4149 Albanus
481 4092 660 4152 redundasset
683 4091 718 4147 is·
764 4157 775 4162 ,
827 4115 830 4124 ⁴
851 4091 1029 4168 lins.-Sig.
1047 4093 1164 4150 restituit
1174 4092 1243 4146 iusta
1254 4109 1300 4155 ner

267 4195 320 4251 qne
333 4177 362 4232 in
373 4195 446 4236 mare
457 4179 588 4244 lluximet,
606 4175 718 4234 Romam
853 4181 934 4239 mina.
953 4179 988 4242 ef.
1004 4183 1032 4249 5,
1050 4183 1093 4239 10.
1113 4182 1154 4242 12.
1172 4177 1205 4236 al.
