2838 4822
434 405 441 416 ,
540 331 692 394 mear.
1042 317 1228 388 rura,

56 483 179 590 pugna
200 504 291 566 atrox
313 497 354 586 ad
378 494 706 586 silvamlllalitiosam
721 492 795 577 “luit
816 491 872 560 ubi
893 494 1085 586 etrpediturn
1100 494 1166 584 qui
1225 481 1227 492 Α

40 603 42 615 ’
59 606 145 672 dem
162 602 277 672 robore
294 613 437 672 ceterum
452 601 594 693 equitatu
608 608 702 668 aucto
722 621 825 689 nuper
837 597 1010 690 plurimum
1023 599 1167 667 Romana
1197 682 1200 693 ‚

58 709 156 776 acies
183 707 293 775 valuit.
320 707 361 774 ab
395 706 556 798 erpritibus
582 715 714 794 repente
740 701 872 770 invectis
898 704 1015 772 turbati
1041 704 1167 776 ordines

39 797 145 879 ¹aunt
167 811 376 882 Sabinorum:
397 835 458 880 nec
479 827 585 902 pugna
606 807 720 876 deinde
741 805 803 874 illis
830 818 975 876 constare
1002 810 1064 875 nee'
1092 809 1166 903 luga
1229 873 1231 878 .

44 915 223 1007 ¹explicari
245 913 313 984 sine
335 939 449 1006 magna
471 915 569 984 caede
590 912 727 1004 potuit'
1057 949 1061 964 ·
1179 931 1220 984 5·

28 1073 32 1080 -
160 1017 280 1088 XXXI.
301 1019 444 1088 Devictis
465 1018 591 1087 Sabinis
611 1019 687 1086 brun
713 1015 881 1107 iumagus
908 1015 1008 1108 gloria
1034 1015 1168 1106 mugnis·

60 1145 134 1214 que
156 1124 280 1215 ‘opibus
307 1147 441 1215 regnum
467 1122 555 1192 ualli
582 1147 620 1192 ac
640 1131 709 1190 tota
729 1144 781 1190 res
802 1121 948 1188 Romana
970 1129 1070 1204 esset,
1090 1141 1168 1186 mm-

7 1291 13 1302 .
61 1229 186 1297 riarum
206 1229 273 1320 regi
294 1229 575 1321 patribusqueest
593 1227 626 1295 in
647 1237 757 1294 monte
778 1223 903 1293 Albano
922 1223 1079 1316 lapidibus
1100 1223 1169 1316 plu-

61 1333 143 1400 isse.
163 1334 256 1424 quo'd
278 1357 353 1402 cam
374 1333 513 1402 credi'
481 1357 537 1402 ιιι
556 1339 676 1424 posset,
698 1329 801 1398 missis
816 1330 857 1396 ad
870 1329 903 1396 id
918 1329 1085 1398 visendrun
1098 1353 1170 1420 pro·

64 1436 223 1528 digium
212 1458 247 1505 ιι
269 1450 422 1530 conspect
422 1461 444 1506 ιι
408 1439 544 1541 tbaut
565 1436 656 1506 aliter
677 1458 776 1526 qnam
796 1424 872 1503 cum
886 1435 1071 1525 grandinem
1084 1434 1220 1506 ventilo

65 1541 312 1662 glomeratam'
303 1565 336 1610 ιιι
355 1553 457 1611 terras
486 1552 591 1632 agunt,
618 1539 721 1608 crebri
748 1539 891 1608 neddere
920 1539 1011 1608 caelo
1037 1538 1170 1629 lapides.

66 1645 131 1712 visi
153 1646 252 1713 ctiam
274 1645 391 1714 audire
403 1667 520 1713 vocem
539 1645 702 1734 ingentem
715 1667 758 1711 ex
771 1643 889 1710 summi
902 1644 1086 1710 cacuminis
1083 1644 1217 1725 luco,

16 1783 19 1798 ι
68 1757 109 1816 ιι
129 1749 235 1837 patrio
255 1748 319 1816 ritu
340 1771 429 1816 sacra
450 1746 565 1814 Albani
585 1747 737 1828 lacerent,
759 1767 843 1834 quae
865 1746 955 1814 velut
968 1747 1026 1812 diis
1042 1739 1172 1836 qnoque
1221 1775 1223 1790 ·

69 1851 172 1920 simul
193 1873 269 1920 cum
289 1851 390 1943 patria
411 1848 703 1918 relictis-oblivioni
724 1847 885 1931 dederant,
898 1859 941 1916 et
959 1859 1017 1916 aut
1028 1849 1173 1916 Romana

62 1941 165 2024 'sacra
187 1966 394 2046 susceperant
414 1965 470 2022 aut
490 1954 635 2022 fortunae
655 1962 694 2019 ut
713 1951 750 2020 fit
771 1951 883 2019 obirati
904 1952 1027 2020 cultum
1040 1953 1173 2052 relique·
1187 1969 1220 2026 15
1322 2033 1324 2040 Α

70 2071 145 2127 rant
167 2060 273 2126 deum.
295 2059 447 2127 Romanis
467 2079 598 2149 quoque
620 2055 661 2123 ab
681 2056 799 2124 eodem
819 2056 963 2148 prodigio
984 2059 1177 2127 novendiale

72 2183 202 2232 sacrum
215 2164 351 2254 publice
372 2173 557 2253 susceptum
579 2173 639 2245 est,
659 2183 718 2228 seu
739 2183 821 2230 voce
839 2163 972 2245 caelesti
992 2186 1035 2232 ex
1047 2162 1176 2259 Albano

73 2279 185 2336 monte
204 2269 303 2336 tnissa
316 2307 362 2322 -
375 2291 451 2335 nam
472 2267 505 2334 id
526 2287 656 2356 quoque
677 2265 810 2333 ιιιιιιιιιι
829 2303 873 2316 -
888 2289 947 2333 seu
967 2266 1174 2358 haruspicum

68 2371 210 2439 monitu.
235 2371 353 2441 mansit
379 2383 465 2440 certe
491 2371 648 2442 sollenmc
674 2369 713 2439 ιιι
739 2371 932 2461 quandoque
959 2371 1045 2440 idem
1071 2371 1174 2463 prodi-

77 2477 164 2567 gium
183 2476 393 2558 nuntiaretur,
414 2475 510 2544 leriae
532 2499 590 2566 per
610 2493 730 2542 novem
758 2474 826 2542 dies
853 2487 1030 2566 agerentur.
1079 2477 1222 2544 Haudro

78 2581 123 2648 ita
143 2581 248 2647 multo
269 2592 345 2670 post
364 2580 544 2671 pestilentia
565 2579 745 2647 laboratum
766 2589 826 2647 est.
848 2581 934 2647 unde
956 2605 1031 2649 cum
1051 2581 1174 2672 pigritia
1228 2636 1233 2660 ,

27 2684 232 2754 ‘militandi
259 2695 409 2784 oreretur,
434 2683 523 2750 nulla
550 2692 659 2751 tamen
681 2671 745 2749 ab
755 2683 849 2750 armis
877 2684 968 2772 quies
995 2685 1175 2753 dabatma
1258 2753 1261 2770 ,
1347 2759 1348 2767 1

79 2789 233 2860 bellicoso
254 2779 345 2880 reges
359 2788 533 2858 salubriora
555 2786 653 2856 etiam
668 2786 817 2879 credente
830 2787 960 2854 militiae
976 2811 1074 2878 quarn
1088 2789 1176 2856 domi
1286 2847 1289 2868 „

35 2897 45 2910 “
81 2895 230 2963 iuvenum
252 2917 386 2988 corpora
408 2916 488 2976 esse,
511 2893 614 2961 donec
634 2886 1045 2986 ipse‘quoque'longinquo
1061 2881 1177 2962 morbo

83 3009 132 3070 est
149 2999 327 3090 inplicatus.
348 3009 425 3068 tuuc
447 2999 527 3066 adeo
548 2996 639 3066 fracti
656 2996 755 3078 simul
777 3021 852 3066 cnm
874 2989 1008 3088 corpore
1027 3011 1102 3069 sunt
1115 2999 1224 3090 spi-at

52 3137 59 3190 1
84 3103 158 3172 ritus
179 3103 225 3172 illi
245 3103 439 3186 feroces‚.ut
457 3104 520 3194 qui
534 3101 612 3182 nibil
632 3113 706 3172 ante
726 3113 814 3170 ratus
836 3114 922 3172 esset
934 3103 1039 3188 minus
1053 3105 1176 3196 regium

86 3229 180 3298 qrram
200 3208 297 3275 sacn's
311 3207 436 3276 dedere
458 3207 608 3290 aunum,
633 3217 765 3297 repente
788 3207 936 3274 omnibns
957 3209 1079 3298 magnis
1106 3233 1176 3298 par-

74 3312 193 3400 ,risque
198 3312 479 3402 superstitionibus
494 3312 650 3382 obnoxius
663 3311 793 3402 degeret
802 3311 1073 3404 religionibusque
1081 3312 1176 3418 etiam

44 3398 67 3432 ”²
87 3415 239 3538 populum
266 3411 410 3506 inpleret.
387 3393 570 3508 tvulgp
560 3441 625 3484 ram
651 3415 807 3500 homines,
835 3439 911 3483 eum
931 3425 1050 3482 statum
1070 3439 1177 3486 rerum

89 3547 140 3612 qur
130 3519 219 3590 sub
241 3519 348 3588 Numa
369 3543 444 3608 rege
466 3507 568 3588 luerat
593 3520 799 3610 requirentes
825 3491 932 3586 unam¹
951 3542 1048 3609 opem
1070 3520 1175 3612 aegris
1188 3531 1224 3586 30

78 3626 268 3718 'corporibus
289 3621 489 3708 relictam,
464 3646 491 3690 ιι
510 3647 575 3714 pax
596 3622 752 3748 veniaque
771 3624 812 3692 ab
828 3622 910 3689 diis
900 3633 1068 3714 impetrata
1082 3635 1176 3707 esset,

91 3731 264 3799 credebant.
295 3729 421 3824 ipsum
432 3725 542 3823 regern
575 3715 703 3800 tradunt
721 3721 916 3796 volventem
944 3729 1177 3800 conmentarios

52 3908 55 3919 ¹
111 3919 342 3980 ιιιαιὶιίσιιιιιι
360 3912 598 3982 Palma-1>
665 3921 713 3980 ιι
727 3928 874 3978 oreretur:
891 3917 972 3991 Μιι.
990 3923 1016 3980 1.
1032 3920 1076 3994 Ρ]
1093 3922 1176 3978 orire·
1225 3971 1226 3976 ,
1253 3911 1255 3919 ⁴

149 4005 463 4068 ldm.1.:malr't1'ora.‹
728 4007 893 4080 tur[llm.
911 4011 964 4080 ι..]
1131 4037 1136 4064 ι
1232 4007 1236 4014 ’

110 4097 133 4154 8.
147 4096 277 4172 pluisse:
295 4095 367 4171 ΡΜ]
384 4095 513 4177 pluvisse.
666 4128 701 4140 -
728 4095 908 4155 obellr’coao:
919 4094 983 4167 Pu]
997 4069 1176 4154 abbelliooso.

162 4173 165 4180 ¹
440 4215 442 4218 ·
566 4207 569 4213 ¹
597 4201 603 4212 ·
667 4177 1143 4302 25.irrplicotus:l1]implieltus.
1295 4185 1300 4198 ‘
