2802 4726
543 332 715 398 urerent.
777 333 781 338 ·
888 305 893 315 ’
1110 327 1174 396 463

76 499 245 592 indignitas
268 501 403 592 angebat
425 498 562 582 animos,
576 521 654 565 'non
675 498 708 566 in
729 500 899 568 retinendis
921 502 1018 571 modo
1039 503 1173 595 publicis

76 608 162 699 agris
186 630 266 698 quos
288 607 320 675 vi
342 615 464 673 teneret
490 604 685 696 pertinacem
710 604 906 674 nobilitatem
935 629 1021 690 esse,
1053 611 1110 676 sed
1132 631 1174 677 ne

74 736 217 780 vacuum
238 710 368 802 quidem
390 733 500 800 agrum
521 733 623 800 nuper
643 732 685 776 ex
707 708 851 778 hostibus
870 721 999 802 captum
1021 711 1107 801 plebi
1130 711 1173 780 di·

73 818 187 890 videre
209 855 253 865 —
274 839 352 882 mox
375 813 483 905 paucis
505 809 542 881 ut
564 825 669 882 cetera
684 813 839 882 'futurum
865 817 1012 906 praedae.
1048 815 1174 885 Eodem

73 947 162 990 anno
185 920 336 988 adversus
358 919 496 988 Volscos
508 917 715 1010 --populantes
736 918 945 988 Hemicorum
972 919 1051 989 fines
1077 921 1203 1012 legio-5

73 1049 134 1094 nes
159 1027 272 1094 ductae
294 1049 313 1090 a
335 1024 431 1092 Furio
460 1023 591 1093 consule
619 1047 694 1091 cum
721 1023 848 1091 bostem
877 1025 921 1091 ibi
946 1047 1013 1094 uon
1039 1023 1171 1094 invenis

72 1143 162 1214 sent,
185 1129 388 1197 Ferentinum
411 1152 476 1220 quo
499 1150 613 1218 magna
635 1128 803 1196 multitudo
826 1129 1020 1198 Volscorum
1041 1133 1076 1198 se
1099 1155 1172 1198 cou-

74 1237 196 1302 tulerat
218 1259 342 1326 cepere.
380 1227 484 1300 min'us
507 1235 644 1324 praedae
666 1257 764 1324 quant
778 1247 982 1326 speraverant
995 1235 1063 1318 tuit,
1085 1237 1173 1327 quod
1274 1287 1276 1295 .

74 1340 188 1408 Vulsci
210 1352 381 1431 postquam
402 1361 477 1431 spes
499 1337 609 1406 tuendi
631 1337 743 1429 exigua
766 1351 834 1406 erat
855 1340 985 1408 sublatis
999 1341 1096 1408 rebus
1117 1365 1173 1408 no-

72 1456 124 1512 cte
148 1444 302 1536 oppidum
323 1444 533 1536 reliquerunt:
558 1431 688 1535 postero
713 1444 762 1511 die
784 1467 885 1534 prope
908 1445 1068 1514 desertum
1090 1447 1220 1539 capi-10

70 1560 134 1616 tur.
174 1549 317 1617 Hemicis
337 1549 414 1615 urbs
437 1572 574 1639 agerque
596 1549 682 1616 dono
704 1547 808 1616 datus.

90 1759 116 1815 2.
137 1777 214 1834 quos
236 1758 269 1813 ui
288 1767 409 1817 teneret.
430 1786 467 1801 -
490 1754 540 1832 PM
562 1759 596 1813 et'
677 1760 704 1816 9.
723 1755 844 1815 Vulsci.-
865 1755 908 1830 bl]
931 1753 1023 1816 Volsci
1046 1759 1107 1830 (Ρ).
1137 1779 1193 1804 -=

135 1844 298 1904 relicodd:
310 1865 403 1922 „qnos
416 1849 589 1904 utteneret“.
719 1843 760 1902 tt:
780 1835 869 1922 'quam
891 1856 1043 1922 speueraat.
1073 1867 1109 1906 m.
1131 1849 1172 1906 2:

55 1941 57 1948 “
135 1931 183 2006 Sic
200 1935 358 2009 saepissime
376 1935 406 1988 in
423 1933 540 2010 antiquis
556 1933 588 1990 li·
719 1941 982 2008 qusmspreuerant.
1026 1990 1030 2004 ,

134 2020 193 2077 bris
213 2029 289 2077 utet
307 2022 339 2076 ni
355 2029 504 2099 permutata
516 2029 588 2079 sunt.
660 2020 701 2076 1⁰.
719 2017 919 2094 reliquerunt:
943 2018 982 2092 P]
1001 2019 1171 2100 reliquerant.

134 2106 261 2182 Sigonius
274 2107 383 2184 quidem
400 2127 491 2186 „quos
506 2117 537 2164 ut
548 2117 587 2164 te·

720 2139 754 2148 -
772 2105 813 2164 bl:
830 2105 1022 2186 relinquerunt.

133 2201 230 2252 nerct“
242 2197 271 2252 in
283 2197 430 2252 orationem
442 2196 527 2274 recipi
539 2215 586 2254 vo·
658 2193 700 2250 11.
719 2193 791 2250 urbe
808 2213 956 2274 agerque.-
979 2216 1013 2281 px
1030 2199 1101 2256 coni.
1118 2199 1171 2268 m]

134 2283 199 2354 luit,
222 2305 314 2341 rerum
332 2284 361 2340 in
380 2299 411 2340 eo
430 2293 485 2340 non
502 2284 587 2340 totius

129 2369 187 2426 ‘loci
205 2371 253 2426 sed
271 2374 350 2426 unius
367 2373 442 2427 vocis
457 2373 587 2446 pertina-

134 2455 587 2530 cemrationemvideturbabuisse.
625 2457 635 2490 ⁸

134 2564 195 2600 nam
211 2545 391 2619 pertinacem
408 2552 535 2600 nontam
553 2541 587 2598 ad

132 2650 226 2708 „qnos
252 2639 283 2686 ut
308 2634 432 2686 teneret“
463 2631 588 2704 pertinet,

134 2738 213 2796 quarn
236 2716 271 2774 ad
293 2737 370 2786 „non
392 2719 421 2773 in
438 2715 587 2773 retinendis

134 2803 215 2862 modo
241 2804 358 2884 publicis
385 2805 491 2880 agris“:
521 2801 607 2860 alio·'

135 2893 201 2970 quin
212 2893 295 2950 rerba
313 2911 404 2970 „quos
419 2901 450 2949 ut
460 2896 585 2950 teneret“
603 2961 605 2968 Α

134 2979 202 3036 nibil
220 2978 293 3037 aliud
310 3001 391 3058 quam
413 2979 487 3059 quod
503 2979 587 3058 verbo

132 3069 295 3127 retinendis
305 3069 405 3127 dictum
418 3079 483 3138 erat,
499 3067 587 3125 denuo

134 3155 263 3216 dicerent.
293 3158 375 3215 rerba
393 3177 483 3234 „qnos
501 3157 530 3213 ui
547 3164 586 3212 te·

36 3235 39 3240 Α
133 3248 231 3298 neret“
248 3263 347 3300 novam
362 3246 522 3300 sententiam
540 3243 586 3300 ad·

135 3326 208 3396 dunt,
226 3348 281 3384 non
298 3331 327 3385 in
344 3329 491 3386 retinendis
503 3327 585 3386 modo

135 3415 205 3489 agris
233 3413 400 3473 nobilitatem
423 3418 587 3495 pertinacem

135 3520 207 3570 esse,
229 3499 278 3558 sed
300 3505 380 3560 etiam
401 3505 431 3559 in
453 3502 505 3560 boc
531 3523 586 3560 nou

134 3589 192 3644 inre
209 3587 259 3646 sed
275 3591 303 3646 ri
321 3591 445 3666 grassari.

93 3677 118 3734 3.
135 3695 228 3750 nuper
245 3698 286 3734 ea:
303 3676 437 3735 hostibus
454 3687 586 3754 captum:

136 3761 192 3821 Pu.
201 3762 232 3820 In
241 3761 313 3825 Harl.
324 3785 341 3826 t.
352 3785 392 3822 ea·
402 3767 586 3828 omissumest.

95 3850 119 3906 5.
137 3847 285 3908 aduersae
304 3851 338 3912 V
334 3853 447 3911 olseos:
469 3852 541 3912 Prn.
559 3855 585 3914 2

134 3935 168 3996 ll.
186 3965 221 3980 -
238 3936 261 3993 P
278 3957 313 3996 m.
333 3944 369 3999 t:
387 3941 525 3999 aduersos.

94 4025 118 4080 6.
136 4024 241 4081 ductae
258 4045 278 4081 a
289 4027 381 4084 Furio
393 4037 489 4087 corta:
507 4027 537 4086 1³.
550 4057 584 4070 -

135 4111 175 4168 tl:
194 4111 272 4169 dueta
291 4134 323 4170 eo
341 4115 411 4172 surio
430 4121 484 4174 eos.
503 4143 537 4160 -
549 4115 583 4174 P:

135 4219 256 4276 caepere„
273 4225 276 4234 ·

718 2282 778 2358 ipse
796 2299 859 2356 ager
876 2281 939 2354 (Ρ).
956 2315 992 2326 -
1010 2285 1074 2344 Non
1091 2285 1171 2342 video

720 2368 786 2444 quid
808 2370 861 2426 sibi
883 2369 949 2426 velit
969 2373 1056 2449 „ipse
1079 2377 1172 2448 ager“.

719 2453 819 2511 Verum
840 2458 870 2511 in
888 2455 915 2512 bl
936 2478 992 2514 non
1014 2461 1077 2535 ipse
1098 2477 1172 2536 ager

719 2541 769 2596 sed
790 2543 854 2616 ipse
879 2562 1012 2620 agerque
1036 2553 1172 2601 serratum

666 2693 671 2700 ἱ
720 2635 774 2684 est:
794 2647 853 2684 cum
871 2630 952 2704 igitur
965 2629 1091 2688 mendum
1107 2629 1171 2688 late·

718 2722 761 2770 ret
778 2715 806 2769 in
824 2716 896 2790 ipse,
913 2735 964 2772 nee
980 2737 1041 2773 raro
1059 2719 1089 2773 in
1105 2718 1171 2773 snti-

716 2801 855 2876 qnioribus
866 2801 944 2858 libris
957 2822 1029 2879 urps
1040 2823 1090 2880 pro
1102 2805 1172 2860 urbe

718 2890 847 2962 scriptum
865 2891 1040 2965 reperiretur,
1059 2893 1172 2966 ipsoex

720 2981 776 3033 non
807 2973 942 3034 intellecto
973 2998 1045 3054 urps
1072 2977 1171 3040 iactum

721 3083 786 3144 esse⁸
803 3063 957 3122 ridebatur:
979 3065 1031 3137 (cf.
1056 3065 1088 3125 Τ.
1108 3063 1171 3124 Livi

718 3150 737 3211 l.
759 3171 821 3211 xxx.
842 3171 870 3230 p.
894 3173 934 3213 er.
957 3173 983 3212 r.
1001 3156 1052 3225 8.).
1087 3153 1171 3211 Recte

720 3241 801 3295 etiam
809 3259 860 3318 pro
869 3237 981 3297 Liviana
990 3242 1095 3296 ratione
1104 3243 1169 3296 scri-

717 3335 794 3404 ptum
813 3334 855 3382 est
866 3308 971 3382 datiae.-
988 3345 1050 3381 uam
1063 3328 1092 3381 in
1103 3347 1170 3383 roes

716 3431 791 3492 ager
807 3413 899 3488 potior
911 3413 1058 3468 sententiae
1069 3411 1111 3470 ris
1129 3415 1169 3470 in·

717 3509 768 3569 est,
785 3518 845 3556 eum
863 3499 928 3556 urbs
945 3517 995 3576 per
1006 3518 1036 3556 se
1048 3498 1104 3556 sola
1124 3499 1169 3556 ad·

718 3587 815 3665 emptis
833 3587 904 3660 agris
916 3587 963 3664 qui
981 3594 1008 3642 et
1020 3607 1035 3644 ι
1047 3588 1169 3664 patribus

718 3683 746 3730 et
774 3693 789 3730 a
814 3670 895 3752 plebe
921 3675 1010 3752 expeti
1037 3675 1167 3745 solebant,

719 3781 774 3818 non
799 3781 895 3838 magno
922 3761 1064 3819 commodo
1089 3772 1167 3822 esset

717 3848 903 3927 Clinprimis
921 3853 948 3920 t,
959 3851 1003 3908 56.
1014 3849 1065 3917 'nbi
1077 3849 1168 3907 Volsci

717 3939 768 3994 ita:
787 3955 862 4006 „uec
878 3939 954 4016 ipsos
971 3935 1054 3994 modo
1071 3935 1167 3994 Rorna-

716 4044 767 4081 noe
785 4043 832 4080 sua
845 4024 931 4081 divisa
943 4023 1040 4080 babere
1053 4024 1102 4080 sed
1113 4023 1167 4104 Fa-

716 4114 864 4171 rentinum
882 4113 961 4168 etiam
974 4111 1009 4168 de
1019 4129 1049 4170 se
1062 4123 1166 4190 captum

717 4199 852 4258 Hernicis
871 4201 1032 4262 donnase⁴‘.
1062 4203 1093 4271 4,
1110 4201 1166 4260 49.ι
