2750 4720
544 249 704 336 manv.
899 361 905 379 „
1112 265 1180 334 aaa

60 450 155 510 ante
178 439 264 520 bello
286 476 330 502 n·-
351 431 597 529 supplicationes
617 390 768 508 decernit.
805 392 960 512 adventuo
981 405 1113 531 quoque
1133 440 1179 508 di-

61 531 213 614 ctatoris
236 543 382 616 omnibus
404 541 565 610 ordinibus
584 538 721 610 obviam·
738 539 844 608 effusis
859 541 1059 615 eelebratior
1080 570 1179 637 quam
1269 537 1271 542 ’
1334 605 1341 623 ,

61 649 177 717 ullius
200 672 353 738 umquam
374 657 466 714 antea
489 645 568 726 luitp
577 643 821 735 triumphusque
835 669 967 716 ornnem
988 662 1179 720 consuetum
1273 714 1276 718 .

61 753 259 824 honorandi
281 752 342 820 diei
362 751 446 820 illius
462 751 607 818 'modum
634 749 830 840 aliquantum
855 751 1001 838 ermessit
1039 755 1178 824 maxime

65 867 273 948 conspectus
295 857 363 949 ipse
385 869 436 928 est
449 863 550 926 *curru
572 853 662 946 equis
679 854 757 925 albis
772 854 880 932 iuncto
896 856 1010 926 urbem
1026 857 1208 942 inventust

66 985 262 1052 parumque
280 961 313 1030 id
335 985 401 1038 nou
422 962 514 1032 civile
535 959 634 1036 modo
656 959 714 1028 sod
731 959 912 1030 nummum
940 961 1037 1030 etiam
1059 960 1178 1060 visino:

27 1085 36 1096 “
67 1067 164 1136 lovis
187 1066 336 1156 Solisque
358 1067 448 1158 equis
470 1064 917 1156 aequiperatum‘dietatoreni
938 1064 971 1132 in
988 1064 1179 1157 religionem
1295 1081 1300 1086 ·

27 1183 48 1236 “.
70 1171 178 1238 etiam
192 1171 380 1254 trabebant,
406 1171 648 1262 triumphusque
671 1168 714 1238 ob
736 1193 809 1238 eam
830 1158 929 1240 un'am
948 1170 1089 1240 maxine
1110 1194 1180 1241 rem
1299 1171 1303 1180 ’

73 1275 196 1344 clarior
210 1300 315 1368 „quam
343 1275 459 1368 gratior
480 1276 548 1344 luit
584 1287 654 1344 trun
675 1265 788 1342 lunoni
813 1277 940 1367 reginae
967 1275 1126 1368 templum
1148 1275 1181 1346 in

61 1381 240 1448 -Aventino
261 1379 380 1450 locavit
399 1375 621 1471 dedicavitque
635 1380 778 1448 Matutae
799 1381 925 1448 matris:
947 1391 1044 1472 atque
1066 1381 1116 1466 bis
1138 1381 1181 1447 di·
1195 1395 1253 1450 ω’

73 1485 160 1555 vinis
189 1481 400 1574 humanisque
426 1486 523 1553 rebus
550 1482 646 1574 gestis
675 1483 827 1554 dictatura
855 1475 893 1553 se
925 1483 1094 1557 abdicavit
1131 1485 1182 1576 agi

75 1589 195 1658 deinde
218 1589 258 1657 de
271 1588 439 1679 Apollonis
460 1589 547 1656 dono
569 1597 737 1677 coeptum:
760 1586 811 1654 tui
825 1610 861 1655 se
882 1587 1042 1658 decenam
1055 1589 1182 1657 vovisse

78 1693 221 1786 praedae
243 1703 367 1784 partem
389 1715 464 1764 cum
486 1692 605 1760 diceret
619 1690 782 1775 Camillus,
802 1691 968 1782 pontifices
990 1693 1183 1764 solvendum
1291 1729 1296 1734 ·

75 1797 233 1893 religione
254 1797 411 1888 populum
436 1806 617 1878 censerent,
644 1791 731 1883 haud
756 1795 849 1868 facile
875 1796 1015 1870 inibatur
1036 1798 1116 1866 ratio
1138 1798 1182 1864 iu·
1246 1874 1250 1884 ,

74 1902 179 1976 bendi
199 1901 317 1970 referre
339 1901 490 1994 praedam
505 1900 671 1993 populum,
693 1909 730 1968 ut
744 1921 792 1968 ‘ex
814 1923 853 1968 ea
874 1925 948 1993 pars
963 1899 1072 1970 debita
1087 1902 1121 1970 io
1135 1925 1184 1968 sa«
1197 1917 1229 1972 15

78 2031 173 2078 crum
194 2018 419 2090 secerneretur.
457 2005 591 2108 tandem
614 2029 655 2076 eo
682 2006 770 2102 quod
796 2005 995 2080 lorissimum
1016 2006 1184 2078 videbatur

143 2177 180 2193 -
201 2146 225 2204 Ρ
241 2167 278 2210 nr.
296 2148 335 2206 1.r
359 2145 434 2214 nullo
458 2155 520 2204 ante
540 2144 596 2203 bel·
726 2120 934 2227 aequiperatum¹
948 2146 1007 2212 lovi
1033 2147 1090 2224 ipsi
1112 2145 1183 2204 Solit

145 2235 210 2296 lunt.
231 2255 268 2297 nr.
286 2236 326 2294 2:
344 2233 424 2297 bello.
440 2258 479 2284 α(
492 2233 532 2293 ld:
550 2231 596 2292 ad·
729 2253 790 2312 que.
799 2265 837 2293 .·-
850 2233 894 2296 Cl.
906 2235 933 2304 5,
944 2237 1003 2294 se.=
1021 2222 1183 2294 maecum.

141 2331 238 2380 uentus
255 2343 362 2400 quoque
379 2322 516 2382 dicatoris.
728 2323 755 2390 5,
776 2323 836 2381 11.=
854 2327 996 2402 conpecto.
1015 2320 1052 2384 sl.

102 2413 130 2470 3.
138 2409 380 2488 triumphusque.-
390 2409 597 2469 itm-flama
684 2410 711 2471 7.
729 2410 760 2470 in
770 2411 961 2488 religionem:
970 2410 1002 2467 -P
1013 2433 1051 2472 m.
1063 2401 1090 2469 i}
1100 2409 1137 2468 Μ.
1149 2440 1182 2450 -

145 2493 297 2572 triumphus
315 2515 421 2552 omnem
439 2505 490 2554 eet.
502 2495 597 2553 -ΡΜ
728 2494 751 2550 P
768 2516 804 2569 m,
823 2499 862 2553 1.r
880 2498 910 2553 in
927 2499 1074 2574 regionem.

146 2580 220 2640 llarl.
237 2599 255 2640 1.
279 2578 356 2638 Laid.
375 2599 398 2640 1.'
416 2579 463 2640 ala
489 2582 596 2650 „bono-
669 2581 711 2639 1⁰.
725 2580 939 2658 dedimusque
962 2584 1099 2661 Materiae
1124 2601 1185 2642 ma·

146 2667 223 2727 randi
241 2668 315 2725 diem
330 2667 440 2726 illim‘n
458 2668 486 2727 b.
498 2688 522 2738 e.
539 2669 598 2738 die,
729 2668 803 2726 tria.-
820 2666 962 2728 Pbllaeid.
975 2688 993 2729 r.
1004 2669 1058 2741 al]
1078 2668 1184 2726 dedica·
1285 2686 1289 2694 ·

147 2766 177 2816 ut
187 2755 317 2814 Kloelrins
326 2764 401 2812 reete
411 2753 550 2814 intellexit.
563 2787 597 2798 -
730 2755 822 2832 vitque
838 2755 954 2812 Matutae
971 2758 1062 2826 rpatrl.
1081 2787 1114 2798 —-
1142 2753 1186 2814 Gi.
1265 2797 1274 2810 .
1307 2751 1312 2760 ⁸

146 2843 598 2920 Versnsintegorobumquemnn-
730 2844 762 2910 5,
779 2843 837 2898 31³.
865 2842 984 2910 „eodem
1006 2862 1079 2900 anno
1105 2841 1186 2900 aedes

25 2980 29 2986 ,
88 2917 113 2948 ”
149 2943 197 2991 tea
209 2952 294 3009 usque
306 2931 433 2988 adilliua
443 2933 558 2992 omissus
570 2933 599 2989 in
731 2927 842 2986 lunonis
859 2932 966 3004 reginae
983 2930 1126 2989 abeodem
1145 2926 1205 2986 di-'

49 3044 51 3053 ·
95 3029 98 3050 ’
148 3022 266 3096 margine
281 3018 345 3078 libri
362 3017 384 3074 P
402 3019 522 3095 adieetus
540 3024 589 3078 est.
733 3025 833 3074 etatore
856 3015 1004 3098 eodemque
1030 3018 1103 3076 bello
1126 3022 1187 3076 rota

108 3111 270 3169 amanitae
282 3110 527 3184 conspectusipae
539 3117 599 3167 est.-
726 3103 906 3166 dedicatore
924 3105 958 3166 al.
979 3137 1016 3152 -
1042 3105 1083 3166 tr:
1107 3106 1188 3162 rebus

148 3195 206 3254 ΡΜ.
216 3227 253 3238 -
264 3193 338 3252 Harl.
350 3215 380 3252 n:
401 3198 599 3274 maximeaspe·
730 3193 815 3268 gestis
833 3191 950 3252 dictator
967 3216 983 3254 a
998 3215 1028 3250 se
1040 3193 1188 3252 abdicauit.
1310 3189 1312 3191 ’

99 3331 104 3344 ,
150 3290 207 3337 etus
226 3282 285 3356 ipse
297 3289 345 3338 est.
364 3279 407 3339 Cf.
419 3283 463 3350 21,
476 3283 515 3339 d:
534 3303 600 3360 „vg-
672 3279 716 3338 lb.
733 3279 965 3356 Apolloniensi]
977 3279 1114 3358 Apollinis
1127 3276 1189 3346 (Ρ).
1277 3317 1280 3328 .

151 3369 228 3430 stitus
242 3365 433 3438 (Hannibalis)
452 3367 520 3427 nibil
532 3369 603 3424 inter
733 3365 955 3436 --Cl.·29,10.=
973 3376 1023 3436 „et
1034 3365 1189 3425 sacrificas·
1306 3413 1313 3428 ,

55 3519 58 3526 ,
153 3451 276 3530 aequales
300 3451 445 3510 excellens:
468 3475 540 3512 anna
563 3464 601 3512 at·
716 3453 807 3508 libus
830 3453 899 3530 ipsis
923 3451 1021 3528 Pythio
1047 3453 1192 3536 Apolloni

152 3563 203 3620 que
214 3542 275 3618 equi
288 3541 522 3620 conspiciebantur
528 3546 555 3602 “.
568 3575 602 3586 -
734 3536 804 3598 laet·
815 3539 921 3598 luisse“
933 3541 1033 3614 (Pur).
1054 3539 1099 3605 Cf.
1110 3542 1192 3602 etiam
1250 3583 1253 3590 ,

152 3629 186 3698 l':
204 3629 297 3706 aequis
314 3627 392 3690 albis.
414 3659 444 3670 —
466 3626 529 3690 Pll:
547 3651 603 3696 non
734 3629 761 3696 4,
778 3629 823 3688 25.
839 3630 869 3687 in
886 3627 913 3690 Μ
932 3628 1127 3710 „appellauit

153 3715 261 3774 civilem
278 3716 368 3779 modo.
678 3744 717 3792 1-
725 3717 815 3774 cuiae
825 3718 967 3779 decimam
977 3720 1191 3794 norriaseprae·
1213 3709 1219 3718 ”

114 3805 138 3863 7.
153 3797 235 3863 Iouis
247 3802 391 3879 Solisque
404 3805 491 3882 equis
503 3807 605 3880 aequi·
737 3804 797 3862 dae
820 3815 951 3881 partem
974 3804 1034 3866 ΡΜ.
1062 3836 1097 3848 --
1125 3804 1192 3860 Dra·

128 3883 288 3965 ‘peratum
318 3891 505 3948 dinatonmr
541 3889 606 3964 ΡΜ]
686 3881 688 3888 ⁴
738 3890 830 3950 leun:
850 3891 997 3950 decumam.
1011 3887 1191 3950 ¹wldtr‘eler·

92 4012 95 4018 ‚
156 3975 226 4034 lovis
239 3975 340 4058 Solisq.
358 3977 434 4056 tupris
453 3979 606 4056 aequipara·
736 3995 784 4033 raa
800 3977 936 4054 praedam.

157 4061 211 4122 tom
233 4064 400 4126 dictatorern.
415 4059 452 4122 '‘b.
476 4085 500 4126 e.
523 4063 606 4122 dieta-
647 4094 651 4104 ·
680 4064 723 4124 16.
740 4057 861 4120 laudeni
872 4084 907 4121 co
918 4064 1194 4141 quadrimissimum
1295 4067 1298 4070 ’

157 4161 241 4210 torem
270 4151 342 4210 loris
372 4148 513 4232 Solisque,
530 4152 607 4229 equis
740 4152 897 4212 uidebatur
906 4151 1195 4214 decursumeatsl’lll
