2812 4724
546 329 654 392 LIBER
671 329 715 390 tv.
919 347 922 370 ¹
1079 345 1083 358 ¹
1109 318 1172 388 421

63 494 153 562 Veis
176 517 279 584 eoque
301 493 371 584 ipso
394 493 434 559 ab
456 513 491 559 re
511 491 596 560 male
619 501 707 582 gesta
729 493 876 582 perculso
904 508 1005 564 castra
1027 496 1173 564 locantur
1210 542 1235 560 ,-

62 609 148 665 ante
171 609 296 689 portam
318 595 485 664 Collinam.
498 606 531 663 et
551 597 584 662 in
606 597 704 663 muris
727 589 838 664 armati
860 597 1012 690 dispositi,
1033 611 1065 668 et
1086 599 1170 667 iusti-

63 702 154 770 tium
182 702 215 768 in
242 701 314 769 loro
342 700 555 792 tabemaeque
585 702 725 786 clausae,
758 702 899 792 fiuntque
928 704 1034 771 omnia
1061 704 1169 770 castris

60 831 170 897 quam
196 806 268 874 urbi
294 805 457 873 similiora:
493 829 567 874 cum
594 807 751 898 trepidam
778 805 936 874 civitatem
959 808 1168 898 praeconibus
1203 823 1206 831 ’

58 935 128 1001 per
149 911 238 979 vicos
266 909 400 977 dimissis
428 911 561 980 dictator
583 912 623 979 ad
652 911 832 980 contionem
860 912 1048 978 advocatam
1070 912 1204 980 increb

60 1017 156 1106 puit,
190 1015 278 1104 quod
306 1015 428 1082 animos
451 1040 492 1083 ex
514 1028 579 1083 tam
607 1016 733 1083 levibus
760 1016 928 1082 momentis
951 1016 1097 1083 femmae
1118 1039 1168 1082 su·

65 1141 209 1208 spensos
232 1131 377 1209 gererent
398 1132 435 1189 ut
461 1145 559 1212 parva
585 1121 704 1188 iactura
733 1131 876 1211 accepta,
906 1143 989 1210 quae
1012 1120 1081 1211 ipsa
1102 1141 1169 1185 non

61 1224 185 1290 virtute
207 1222 348 1292 hostium
368 1247 430 1294 nec
450 1225 573 1316 ignavia
595 1218 731 1292 Rdmani
752 1226 909 1293 exercitus
932 1225 990 1292 sed
1010 1221 1167 1293 discordia
1248 1301 1254 1322 .
1313 1307 1319 1326 Ι

58 1326 295 1418 imperatorum
318 1341 447 1422 accepta
471 1331 526 1409 sit,
550 1321 724 1422 Veientem
738 1323 871 1398 ‘hostem
898 1328 1024 1398 sexiens
1046 1327 1167 1395 victum
1198 1322 1201 1333 ’

58 1432 291 1522 pertimescant
310 1434 509 1526 Fidenasque
529 1424 632 1526 prope
659 1435 786 1524 saepius
815 1445 924 1533 captas
946 1456 1045 1525 qrram
1066 1455 1166 1522 oppu·
1180 1446 1220 1502 lb

60 1545 188 1626 gnatas.
226 1539 359 1606 eosdem
382 1551 415 1606 et
429 1533 597 1606 Romanos
615 1551 648 1606 et
661 1539 772 1605 hostes
793 1557 863 1616 esse
884 1537 942 1626 'qui
963 1561 1021 1626 per
1035 1547 1085 1602 tot
1099 1558 1165 1601 sae-

18 1675 23 1688 ,
58 1638 138 1712 cula
157 1641 289 1723 luerint,
316 1643 447 1710 eosdem
469 1643 592 1708 animos
618 1643 747 1709 easdem
777 1636 918 1732 corporis
938 1640 1030 1721 vires,
1053 1639 1166 1704 eadem

59 1767 153 1810 amre
179 1767 305 1835 gerere:
337 1769 373 1812 se
401 1759 533 1836 quoque
558 1745 695 1813 eundem
721 1746 909 1812 dictatorem
938 1741 1036 1808 Mam.
1062 1738 1166 1806 Aemi-

59 1847 143 1919 lium
165 1871 236 1916 esse
259 1849 313 1938 qui
335 1861 428 1936 antea
450 1850 631 1918 Veientium
649 1851 914 1940 Fidenatiumque
933 1844 1086 1916 adiunctis
1108 1843 1165 1908 Fa-

59 1949 149 2019 liscis
172 1954 212 2019 ad
228 1952 426 2021 Nomentum
440 1953 597 2022 exercitus
618 1953 743 2039 fuderit,
764 1966 797 2022 et
815 1951 1000 2043 magistrum
1022 1948 1165 2038 equitum
1178 1967 1212 2022 15

59 2054 101 2124 A.
119 2055 304 2128 Cornelium
319 2059 457 2134 eundem
478 2052 516 2137 in'
533 2059 600 2126 acie
621 2059 691 2128 lore
712 2061 768 2158 qui
785 2058 890 2152 priore
912 2054 999 2128 bello
1023 2051 1165 2120 tribunos

61 2157 200 2232 militum
222 2160 317 2234 Larte
338 2161 511 2240 Tolumnio
533 2187 609 2254 rege
631 2159 813 2238 Veientium
834 2163 876 2234 in‘
894 2168 1068 2248 conspectu
1089 2155 1165 2222 duo·

61 2266 355 2340 rumexercituum
377 2267 483 2336 occiso
510 2253 613 2360 spolia
641 2270 747 2362 opima
769 2267 852 2337 lovis
873 2262 1021 2336 Ferretrii
1043 2259 1164 2352 templo

128 2439 204 2498 exli
220 2441 392 2504 scribendum
408 2452 474 2502 eret.
502 2441 535 2503 cl.
554 2445 580 2512 5,
713 2445 802 2504 codd.
820 2462 903 2502 neec:
928 2441 1034 2498 hostem
1056 2435 1180 2495 totiens·

112 2530 156 2602 ¹8.
178 2557 212 2569 -
242 2525 316 2585 llarl.
335 2546 367 2585 n:
386 2543 476 2588 romae
494 2539 582 2586 terror
712 2535 823 2592 nictum.
849 2561 883 2571 -
911 2527 1017 2605 Livium
1044 2524 1165 2579 sexiens

129 2621 187 2668 erat
204 2615 307 2688 ingens.
329 2641 364 2654 -
391 2611 440 2670 ΡΜ
457 2613 532 2674 Harl
550 2634 581 2673 n:
714 2617 798 2674 scribi
816 2615 941 2692 voluisse,
960 2613 1039 2668 ctiam
1053 2602 1165 2685 sequen·

129 2697 167 2756 ab
184 2715 218 2752 re
235 2700 313 2754 mate
328 2709 424 2777 gesta.
480 2759 484 2770 ,
714 2705 752 2761 tia
778 2703 860 2762 verba
887 2701 1052 2776 „septimam
1079 2691 1165 2748 inlell-

34 2837 39 2849 .
85 2787 110 2846 1.
127 2783 281 2865 perculso:
299 2779 412 2840 fleverss·
428 2817 461 2828 -
479 2787 502 2847 P
520 2788 581 2848 cod.
669 2845 674 2863 ,
715 2810 773 2850 cem
791 2788 990 2856 delectionem“
1014 2779 1165 2844 ostendunt.

88 2859 91 2866 .
127 2869 213 2929 Rhen.
235 2865 309 2928 Harl.
327 2887 344 2926 1.
367 2865 494 2947 labidis
514 2892 581 2948 Rei·-
714 2906 751 2918 -
767 2870 801 2933 P:
820 2863 927 2950 sepios„
1167 2867 1175 2891 ¹

129 2951 582 3053 culra.ll1:pculs'nacestra:sed
654 2965 698 3027 11ι
715 2963 835 3024 cosdem
857 2949 886 3021 et
907 2976 1048 3022 romarios
1070 2963 1099 3010 et
1116 2951 1166 3010 hos

128 3051 233 3113 mediae
248 3049 354 3110 litterae
372 3060 435 3110 sunt
452 3073 487 3110 m.
505 3054 532 3110 3.
586 3113 590 3122 ‚
653 3089 655 3100 ·
714 3060 776 3108 stes
795 3070 875 3108 esse:
894 3047 924 3108 P.
943 3079 976 3130 ᾗ-
998 3043 1037 3100 ill:
1058 3039 1166 3100 eosdem

33 3134 36 3144 ’
84 3141 112 3214 l.
129 3139 519 3214 cumtrapidomciuitatem:
533 3135 585 3195 ΡΜ
713 3147 741 3194 et
764 3157 889 3194 romanos
916 3135 1008 3193 hostes
1032 3149 1106 3196 esse„
1133 3157 1166 3167 -

132 3224 192 3284 eod
210 3224 296 3284 theu
317 3223 394 3286 laeid.
411 3246 431 3291 1.,
454 3225 502 3298 al]
525 3236 583 3282 tum
714 3223 776 3284 Pll:
794 3218 1068 3302 aequoquecundem
1084 3215 1166 3278 ‹liele-
1233 3219 1235 3222 ’

132 3311 264 3386 trepidam
300 3313 434 3368 civitatem
464 3303 518 3369 cet'
548 3343 582 3354 -
714 3321 810 3369 torem.
829 3331 865 3370 nr.
883 3309 1017 3380 aemilium
1035 3322 1109 3362 esse..

133 3397 177 3454 Ab
194 3396 248 3453 hoc
265 3397 328 3454 iude
345 3397 406 3454 loco
424 3415 524 3456 novum
542 3419 583 3454 oa·
655 3397 698 3458 14.
716 3399 771 3472 qui
786 3405 890 3458 antea:
907 3392 973 3466 ΡΜ]
991 3392 1038 3468 qui
1051 3397 1119 3444 ante.
1132 3415 1167 3463 j

52 3509 59 3518 ·
131 3493 181 3562 put
209 3501 288 3540 xxxu.
323 3484 492 3563 inceperunt:
534 3483 584 3540 sed
714 3479 750 3536 P:
783 3483 950 3549 ‚meientiunr
978 3473 1165 3556 plidenatium·

131 3569 204 3627 hunc
221 3569 310 3628 locum
325 3569 359 3626 ab
370 3571 493 3646 proxime
510 3580 588 3626 ante.
716 3572 804 3646 que“.
830 3567 916 3642 eedp
939 3571 1099 3641 expunctum
1117 3567 1166 3615 cst.

133 3657 285 3715 cedentibus
320 3658 444 3715 versibus
480 3659 586 3732 seiungi
715 3653 776 3710 Pil:
795 3653 839 3715 ad
853 3661 1028 3712 nomentum.
1047 3645 1119 3704 Harl
1132 3663 1166 3704 t:
1263 3707 1268 3726 ι

132 3763 187 3800 non
205 3765 286 3821 poree
303 3765 382 3824 nemo
401 3765 456 3802 non
474 3743 556 3818 videt.
715 3741 758 3798 od
774 3750 959 3799 momentum.
978 3737 1011 3798 cl.
1031 3741 1057 3806 4,
1074 3737 1120 3798 22.

91 3833 117 3888 6.
151 3835 304 3890 momentis
332 3833 496 3906 fortunae:
535 3828 585 3890 ΡΜ
656 3829 699 3890 16.
715 3829 850 3887 tribunos
867 3831 945 3888 mit:
962 3826 985 3883 Ρ
1002 3845 1037 3882 nr.
1057 3823 1099 3893 l.]
1121 3819 1168 3874 tri·
1391 3893 1393 3900 Ι

80 3923 83 3933 “
134 3915 589 3991 flarl.r.at.}fortunaemomentis„
718 3917 805 3972 bunns
828 3914 974 3986 mit.(t1).
1000 3941 1032 3952 -·
1055 3909 1095 3969 ll:
1117 3905 1167 3962 lar·
1273 3921 1276 3938 ·

96 4007 120 4063 9.
139 4001 252 4062 hostem
270 4010 391 4068 resciens
406 4010 530 4068 uktnmr
547 4004 585 4077 P]
716 3998 755 4059 tet
773 4001 889 4060 collunio
906 4019 976 4074 rege.
991 4028 1024 4040 -
1042 3994 1103 4056 Pll:
1122 4011 1169 4048 ue·

138 4091 243 4147 bostem
259 4096 348 4149 sexies
364 4095 473 4152 victum.
491 4123 526 4136 -
548 4089 588 4149 tl:
721 4091 850 4150 ierrtium·
939 4131 943 4140 ·
1392 4165 1393 4168 Ἴ

139 4178 254 4238 hostem
289 4183 394 4240 exiens
429 4183 516 4241 uictu.
554 4211 587 4224 -
660 4179 703 4236 te.
722 4177 805 4234 Iouis
827 4173 983 4233 Ferretrii:
1007 4166 1172 4256 vlflllJ'lovis
1274 4186 1360 4224 nu
1377 4207 1392 4223 .
