2836 4720
533 355 710 416 emm
938 329 941 336 ’
1112 340 1177 409 m

74 522 241 592 consulem
264 531 453 592 averterant.
483 531 576 588 atrox
597 529 759 588 oermmeu
781 516 944 586 adoratui
965 517 1081 586 Fabius
1104 539 1178 588 oon-

74 627 144 696 silio
166 628 270 697 neutri
291 627 373 720 parti
395 624 512 695 acerbo
534 647 603 700 rem
632 624 822 717 expedisset.
862 622 903 692 Τ.
926 623 1054 709 Quincti
1080 624 1179 692 ductu

10 775 12 804 ι
73 742 107 802 et
128 733 271 825 auspicio
294 733 360 824 agri
377 731 462 824 rupti
475 729 581 824 priore
604 753 688 800 anno
704 729 902 822 aliquantum
917 753 936 794 a
949 726 1076 797 Vulscis
1091 751 1180 798 esse:
1193 725 1196 736 '
1212 803 1216 820 ⁸

10 855 11 864 ’
72 835 214 922 Antium,
236 837 450 930 propinquam
471 846 663 928 oportunam
686 848 719 906 et
739 834 931 904 maritimam
942 833 1071 917 urbem,
1094 832 1178 900 colo-

12 1025 13 1032 *
40 1010 44 1016 ,
71 942 159 1009 niam
182 941 297 1010 deduci
317 963 431 1033 posse:
463 940 507 1008 ita
529 939 596 1009 sine
620 941 769 1032 querellis
796 959 1023 1032 possessorum
1049 935 1213 1029 plebemt·
1294 1019 1299 1034 ,

70 1047 104 1114 ἱιι
128 1070 222 1138 agros
243 1047 372 1130 ituram,
401 1043 570 1114 civitatem
582 1044 615 1112 in
638 1046 809 1115 concordia
830 1045 911 1114 lore.
946 1041 1029 1112 haec
1056 1052 1181 1114 senten-

69 1151 115 1220 tia
137 1163 273 1243 accepta
295 1161 354 1220 est.
390 1151 572 1219 triumviros
595 1175 671 1242 agro
695 1152 800 1220 dando
824 1160 911 1218 creat
932 1148 973 1218 Τ
995 1143 1181 1236 Quinctium

60 1253 112 1321 A.
127 1254 382 1345 VerginiumP.
404 1255 579 1335 Furium.
570 1257 647 1324 russi
668 1255 798 1324 nomina
821 1255 896 1322 dare
919 1254 976 1376 qui
998 1274 1110 1345 agnum
1131 1276 1181 1319 ac-

71 1359 182 1452 cipere
203 1359 332 1429 ¹vellent
372 1360 449 1428 feeit
470 1361 579 1429 statim
600 1371 637 1429 ut
657 1361 695 1428 lit
715 1360 876 1427 fastidium
899 1358 1007 1450 eopia,
1034 1358 1182 1448 adeoque

67 1465 165 1556 pauci
192 1467 322 1534 nomina
356 1466 474 1534 dedere
505 1475 543 1532 ut
577 1463 618 1532 ad
650 1457 855 1558 explendum·
874 1485 1046 1532 numerum
1074 1461 1181 1532 coloni
1195 1475 1230 1529 to
1268 1475 1271 1488 ·

69 1569 186 1640 Vulsci
207 1571 408 1640 adderentur.
446 1581 553 1640 cetera
574 1570 745 1639 multitudo
767 1594 902 1663 poscere
923 1570 1047 1640 Romae
1070 1593 1181 1664 agrum
1227 1601 1249 1620 α

70 1673 170 1742 malle
194 1700 293 1766 quam
315 1675 390 1745 alibi
411 1677 565 1766 accipere.
594 1673 699 1766 Aequi
715 1701 733 1742 a
750 1675 791 1761 Q.
807 1675 907 1744 Fabio
929 1713 974 1760 ·.·
995 1673 1022 1740 is
1045 1697 1084 1742 eo
1108 1695 1183 1740 cum

69 1780 218 1848 exercitu
239 1793 372 1849 venerat
392 1816 436 1830 --
458 1766 573 1871 pacem
593 1780 715 1880 petiere
736 1780 926 1872 inritamque
952 1801 1025 1848 eam·
1051 1778 1113 1870 ipsi
1133 1801 1183 1846 su-

67 1881 136 1949 bita
159 1883 339 1954 incursione
360 1887 393 1952 in
416 1907 528 1976 agrum
548 1882 697 1952 Latinum
719 1885 837 1954 fecere.

159 1987 197 2057 ll.
244 1990 285 2078 (2.
308 1989 461 2058 Servilius
490 1989 671 2081 insequenti
693 2013 777 2058 anno
800 2027 844 2040 —-
865 1987 893 2055 is
917 1983 1003 2054 enim
1026 2010 1101 2054 cum
1123 1986 1182 2077 Sp.
1195 1997 1229 2052 15

67 2091 235 2162 Postumio
266 2096 379 2164 consul
406 2095 467 2163 fuit
488 2135 533 2146 -
554 2095 589 2161 in
610 2093 742 2185 Aequos
769 2093 888 2162 missus
912 2090 946 2158 in
967 2087 1081 2159 Latino
1105 2114 1181 2182 agro

69 2198 185 2266 stativa
217 2199 329 2281 habuit
360 2211 473 2268 castra.
519 2199 610 2291 quies
644 2197 822 2270 necessaria
855 2196 971 2268 morbo
1005 2195 1183 2288 inplioitum

72 2303 250 2372 exereitum
271 2305 384 2374 tenuit.
421 2315 600 2373 extractum
628 2303 661 2370 in
687 2301 818 2370 tertium
846 2294 967 2370 armum
989 2301 1112 2370 bellum
1134 2309 1183 2368 est

72 2403 114 2490 Q.
138 2405 239 2474 Fabio
262 2420 296 2476 et
316 2410 357 2478 Τ.
380 2410 531 2496 Quinctio
555 2407 749 2476 consudibus.
787 2407 887 2475 Fabio
915 2415 1007 2474 extra
1028 2405 1183 2487 ordinem,

69 2509 146 2598 quia
176 2510 203 2577 is
233 2513 336 2581 victor
362 2537 476 2604 pacem
504 2512 626 2603 Aequis
654 2513 793 2596 dederat,
831 2534 869 2578 ea
900 2511 1065 2602 provincia
1099 2511 1230 2578 damno

70 2613 127 2702 qui
157 2611 245 2680 haud
275 2617 370 2684 dubia
397 2640 456 2708 spe
479 2618 642 2708 profectus
669 2615 790 2683 lamam
812 2615 954 2706 nominis
983 2614 1032 2681 sui
1054 2626 1182 2707 pacatu-

70 2723 140 2783 ram
169 2715 317 2808 Aequos,
354 2720 476 2814 legatos
503 2721 536 2788 in
564 2721 736 2790 concilium
763 2720 865 2811 gentis
892 2718 1009 2786 missos
1036 2718 1181 2787 nuntiare

10 2915 11 2918 ’
91 2917 117 2971 2.
133 2920 236 2976 neutri
249 2919 333 2995 parti
349 2920 472 3000 acerbo:
489 2919 549 2980 ΡΜ.
616 2957 619 2970 ·
729 2857 765 2964 i·-
794 2918 817 2976 P
839 2939 875 2979 ιιι.
900 2919 939 2978 1.=
968 2920 1047 2980 iussu
1072 2918 1182 2976 nomina

83 3049 116 3058 -
139 3018 172 3076 Τ.
192 3021 319 3092 Quincti.
332 3053 366 3064 -
379 3021 421 3080 tls
438 3025 459 3082 I.
474 3027 593 3102 quincti.
726 3007 798 3067 dm·

134 3103 173 3159 P:
192 3103 210 3164 l.
229 3111 324 3182 quinti.
666 3098 709 3156 ll.
729 3097 851 3156 Vulsci:
878 3093 920 3169 P]
948 3092 1049 3154 Volsci.
1078 3123 1113 3135 -·
1142 3089 1182 3147 ll:

90 3217 115 3275 3.
135 3215 304 3274 aVuiscir:
298 3213 385 3292 ΡΜ]
400 3219 546 3284 aVolsois.
558 3255 591 3266 -
725 3183 805 3243 uum·
825 3213 859 3227 ““
877 3181 916 3240 Ρῗ
936 3177 1164 3278 “illumi-fibi}

665 3272 707 3331 15.
729 3269 763 3346 Q.
782 3269 943 3330 Seruilius.
965 3299 1002 3312 -
1023 3265 1086 3320 Ptlz
1105 3281 1192 3338 qum·

729 3358 798 3412 etius
816 3353 952 3412 seruilius.

664 3445 707 3508 17.
726 3443 839 3499 statiua
861 3437 965 3494 babuit
981 3439 1106 3488 *codrot
1135 3427 1184 3485 ΡΜ

88 3501 114 3558 6.
134 3499 210 3556 liaeo
231 3507 377 3560 sententia
398 3515 592 3580 acceptaret.
726 3520 948 3592 „prd1,00dd,]
967 3519 1065 3574 stativa
1081 3515 1184 3578 hahuit.

133 3591 308 3648 triumuiros
321 3613 397 3670 agro
410 3591 512 3648 dando
531 3613 591 3650 cre·
726 3613 798 3668 int„
828 3618 915 3666 castra
946 3603 1039 3679 (Laid.
1065 3623 1091 3664 11.
1099 3608 1118 3673 l.
1148 3633 1184 3649 -

64 3676 591 3737 *offlmmffist
726 3691 1182 3757 mmmmmm

133 3755 155 3817 l.
173 3757 218 3860 Fr,
236 3763 320 3824 Gron.
340 3766 425 3824 coni:
456 3765 507 3820 ltac
530 3784 591 3820 sen·
728 3786 831 3842 camis·
842 3813 876 3824 ..
888 3781 934 3839 Ad
945 3783 1040 3839 tenuit
1056 3775 1182 3856 supplen.

134 3853 216 3900 teutta
236 3857 345 3924 accepta
357 3854 514 3912 triumuiros
528 3871 592 3928 agro
729 3871 795 3928 dum
812 3879 854 3926 est
871 3879 903 3926 ut
921 3867 1000 3926 nihil
1010 3867 1064 3946 agi
1072 3873 1182 3940 posset.

94 4005 97 4012 μ
137 3930 227 3990 dando
237 3945 328 3992 erent
338 3935 592 4009 (Voss.r.;·rreant).
664 3959 707 4016 19,
733 3957 768 4033 Q
797 3957 892 4016 Fabio
922 3965 952 4014 ,ι
984 3955 1016 4012 Τ,
1046 3951 1180 4027 Quinctio

90 4017 116 4075 7.
138 4019 170 4078 Τ
185 4019 370 4095 Quinotium:
388 4024 437 4098 ll]
455 4025 487 4085 Τ.
505 4027 592 4102 Quin·
722 4048 822 4102 copis„-
839 4043 919 4104 lt·-
930 4043 965 4098 P:
985 4060 1036 4117 qua
1049 4041 1073 4094 is
1086 4040 1182 4096 uictor.

131 4114 199 4164 ilum
218 4105 281 4180 (P).
726 4162 759 4172 -
778 4129 819 4188 ll:
837 4127 975 4207 profectus
995 4126 1136 4186 isarnum.
1147 4157 1194 4194 -,

90 4208 116 4264 8.
134 4211 170 4266 A.
185 4209 376 4289 Verginium:
390 4213 458 4287 Pru]
471 4217 503 4276 A.
517 4215 591 4290 virg.
724 4216 746 4274 P
764 4235 799 4275 ru.
820 4219 859 4274 1.;
878 4235 909 4271 aa
926 4215 1062 4289 exsequis.
1081 4245 1115 4256 -
1291 4205 1294 4218 ¹

137 3301 171 3357 P.
191 3312 417 3376 oportunam—
446 3309 486 3367 ll:
506 3331 591 3389 quae.

136 3387 271 3449 rellis.-
288 3389 324 3448 Ρ·
342 3394 463 3496 probem.
