2756 4720
495 243 666 307 aunan.
819 203 824 214 “
959 253 963 264 «
1066 231 1132 302 rra
1245 233 1247 244 “

425 301 429 332 t

14 425 180 502 mortus:
209 425 433 504 caputiatum
455 406 597 478 Antiates
619 430 705 476 esse:
743 431 855 474 eorum
876 410 998 500 legatos
1020 411 1131 482 utrius

14 542 82 608 pue
107 499 221 606 geniis
238 518 376 610 populos
392 514 573 584 circumisse
589 513 841 603 castigantesque
856 513 1020 603 ignaviam,
1043 517 1131 607 quod

14 621 125 690 abditi
153 621 239 694 intra
267 643 376 688 muros
404 617 648 710 populabundos
675 617 708 684 in
734 617 815 707 agris
841 618 947 707 vagari
968 619 1131 692 Romanos

14 728 133 818 priore
161 751 246 796 anno
268 738 301 796 et
323 725 459 816 opprimi
481 721 662 814 Verruginis
684 720 877 812 praesidium
903 723 989 812 passi
1016 736 1131 792 essent.

14 833 85 902 iam
110 856 186 898 non
209 830 366 899 exercitus
387 829 485 898 modo
501 838 640 896 armatos
656 826 715 895 sed
729 825 870 899 colonias
892 827 988 894 etiam
1009 827 1043 894 in
1056 841 1162 921 suast

14 937 106 1003 lines
131 937 229 1022 mitti,
250 959 311 1004 nee
332 935 420 1025 ipsos
442 934 541 1002 modo
555 933 719 1001 Romanos
741 955 799 1000 sua
821 931 1060 1004 divisahabere
1076 931 1134 1004 sed

14 1039 240 1108 Ferentinum
262 1041 357 1108 etiam
379 1041 419 1106 de
441 1063 477 1106 se
500 1049 628 1130 captum
641 1035 785 1106 Hernicis
808 1029 953 1106 donasse.
983 1035 1136 1110 adhaec

15 1169 104 1212 cum
118 1143 397 1218 inflammarentur
412 1143 507 1244 animi
522 1182 566 1194 --
579 1153 617 1210 ut
638 1142 679 1208 ad
701 1165 846 1232 quosque
861 1153 994 1210 ventum
1010 1151 1078 1213 erat
1092 1177 1136 1190 -

16 1272 188 1316 numerus
209 1249 369 1322 iuniorum
399 1243 665 1332 conseribebatur.
702 1247 745 1316 ita
774 1247 917 1321 omniurn
942 1242 1137 1339 populentur

14 1457 19 1468 ,
92 1419 162 1492 quia
182 1426 371 1476 contraxerant
392 1435 441 1474 sen
459 1417 552 1494 quia“.

14 1507 15 1512 ’
94 1507 123 1571 1,
143 1505 202 1563 ta:
231 1525 312 1574 „eam
328 1524 386 1560 rem
402 1507 491 1560 minus
510 1523 552 1559 aa·

93 1607 144 1664 gre
163 1611 244 1667 quam
258 1591 367 1666 dignum
385 1601 442 1646 erat
458 1590 554 1648 tulisse

23 1708 26 1720 ι
93 1673 244 1738 Romulum
261 1677 359 1746 ferunt,
377 1696 424 1733 seu
440 1677 475 1734 ob
493 1675 573 1732 iuli-¹

95 1762 161 1820 dam
175 1767 328 1823 societatem
340 1766 415 1840 regui
428 1782 477 1820 seu
490 1764 553 1840 quia

95 1849 164 1908 haut
173 1853 271 1909 iniuria
282 1871 387 1908 caesum
397 1849 523 1918 credebat
528 1854 554 1908 “.

79 1939 125 2015 Ι6,
146 1943 204 1999 15.:
223 1939 319 2018 ‚‚quod
337 1940 392 1995 nisi
404 1939 478 2006 lacis,
495 1939 554 1995 sive

100 2035 132 2082 ut
155 2037 184 2084 et
206 2029 315 2104 ipsein
337 2037 414 2104 parte
439 2025 555 2102 praedae

97 2116 150 2182 ais,
165 2116 225 2188 nire
242 2117 305 2191 quia
316 2133 415 2172 vanum
424 2113 556 2174 iudicium

101 2211 153 2270 est,
171 2205 200 2259 iu
212 2201 339 2272 vinclate
352 2202 415 2262 duci
426 2201 523 2261 iubebo
529 2205 555 2258 “.

103 2291 129 2358 1,
149 2291 205 2350 11.:
227 2291 355 2377 ‚,accepti
373 2289 496 2348 obrutam
514 2309 556 2346 ar·

101 2378 153 2432 mis
171 2396 308 2445 necavere,
326 2396 375 2434 seu
392 2384 423 2434 ut
439 2380 467 2433 vi
479 2385 557 2453 capta
581 2395 585 2402 ‘

53 2502 55 2514 .
104 2465 195 2536 potius
214 2463 419 2532 arxvideretur,
436 2449 556 2538 seu'pro-

105 2547 187 2605 dendi
196 2547 314 2626 exempli
324 2568 402 2605 causa
415 2567 449 2606 ne
458 2548 558 2624 quid“.

107 2635 132 2704 t,
141 2636 197 2694 nra
209 2655 372 2704 „censuram
379 2636 500 2693 minuere
511 2657 558 2718 pa·
623 2677 626 2682 Δ

105 2731 148 2780 rat
164 2743 212 2783 seu
223 2724 333 2780 nimiam
344 2732 505 2802 potestatem
517 2743 558 2780 ra·

108 2818 150 2868 tus
168 2805 216 2867 seu
233 2831 289 2868 non
306 2821 361 2868 tam
378 2809 560 2886 magnitudine

105 2896 217 2956 'honoris
235 2920 315 2975 quam
328 2899 502 2956 diuturnitate
519 2895 559 2954 ol·

110 2983 229 3046 sensus“.
263 2990 299 3056 3,
325 2990 366 3046 8.:
397 3006 467 3055 „seu
493 3004 560 3064 paee

112 3073 188 3130 deum
204 3069 346 3154 impetrata
369 3093 417 3132 seu
437 3076 561 3150 graviora

112 3169 230 3237 tempore
239 3167 303 3220 anni
313 3166 562 3221 iamcircumacto“.

115 3249 138 3314 d,
153 3249 205 3305 12:
222 3269 361 3329 „coepere
374 3271 388 3304 a
402 3248 471 3304 lame
483 3247 561 3316 mala,

115 3351 161 3387 sen
183 3329 311 3390 aduersus
334 3355 419 3391 annus
441 3333 563 3408 frugibus

116 3417 171 3487 tuit,
188 3438 236 3476 seu
254 3418 395 3476 dulcedine
408 3422 564 3478 contionum

117 3515 141 3561 et
156 3507 229 3562 urbis
246 3494 352 3563 deserto
368 3525 491 3582 agrorum
510 3505 564 3564 cul·

117 3597 173 3652 tu“.
199 3591 233 3652 cl.
252 3596 332 3651 etiam
351 3593 410 3653 Cic.
427 3592 564 3673 pro‘Cae·

120 3683 173 3738 eina
192 3684 230 3741 1.:
259 3684 308 3752 „si
331 3683 402 3739 euim
425 3691 488 3738 sunt
511 3683 565 3740 riri

26 3799 28 3812 »
120 3767 202 3824 baui“
221 3782 271 3829 cet.
295 3769 421 3847 Denique
435 3767 513 3839 *quod
531 3768 567 3825 ad

120 3853 203 3913 locum
220 3859 417 3916 coniunctionis
427 3875 492 3915 enm
504 3857 565 3913 atti·

123 3951 172 4011 net,
188 3943 318 4013 cruta:
329 3965 408 4015 „eum
416 3946 566 4006 iussissent

123 4031 146 4097 i,
157 4032 198 4089 53.
210 4028 244 4090 al.
263 4063 297 4074 -
320 4031 386 4100 „Da
402 4032 505 4090 lmmmt
522 4028 585 4086 dia*

125 4113 261 4176 Nachriebt
270 4118 426 4190 naehan,
436 4120 481 4179 die
488 4117 567 4177 Vols·

645 1451 647 1467 .
684 1414 733 1470 lrer
759 1416 816 1471 und
836 1418 945 1492 Aequer
970 1413 1062 1471 ha'tten
1088 1413 1138 1468 mit
1174 1485 1176 1490 ,

685 1499 867 1558 surnhtbarem
886 1502 1036 1576 Ungesttim
1059 1501 1137 1556 eiueu

685 1608 773 1644 neuen
790 1587 873 1664 Krieg
890 1590 1039 1664 begonnen,
1057 1587 1137 1642 naen

687 1675 749 1732 dem
766 1673 905 1734 entriedar
927 1674 971 1731 die
992 1673 1139 1749 glttclrliclre

684 1762 862 1842 Behauptuug
869 1761 917 1818 der
925 1761 998 1836 Burg
1009 1781 1062 1817 von
1073 1760 1139 1818 Car·

686 1861 796 1908 ventum
813 1853 842 1906 iu
855 1849 936 1906 ihueu
948 1846 992 1905 die
1004 1845 1140 1920 Hoffnuug
1225 1846 1227 1854 ’

687 1937 735 1995 aul
750 1941 828 1995 einen
839 1931 1080 2014 giustigeuErfolg
1093 1933 1141 1990 des
1218 1971 1224 1982 .

648 2037 651 2042 '
686 2025 801 2106 Krieges
831 2023 967 2100 geweclrt,
995 2021 1064 2078 oder
1094 2019 1141 2076 der
1179 2095 1181 2105 Ι

688 2111 798 2174 Verluat
809 2113 858 2172 dar
869 2112 1019 2186 Besatzung
1031 2127 1065 2183 pu
1076 2107 1143 2167 Ver·
1164 2131 1169 2138 ·

689 2195 758 2278 ruga'
766 2203 826 2260 ihre
834 2198 922 2258 Wuth
931 2201 1032 2276 gereizt
1041 2197 1142 2264 hatte“.

645 2315 672 2372 i.
700 2315 941 2392 castigantesque
977 2310 1143 2390 ignauiam:
1181 2291 1198 2356 *A
1229 2329 1231 2344 ¹
1277 2351 1283 2366 ,

689 2400 753 2472 ΡΜ]
768 2403 928 2476 castigantes
940 2401 1073 2474 ignaviam
1086 2395 1144 2464 (ed.
1228 2457 1243 2474 Ι
1317 2387 1320 2402 ’

688 2487 797 2559 Fron).
815 2518 850 2528 -
871 2485 935 2562 Qua
952 2486 1102 2542 rectissime
1114 2501 1144 2538 aa

690 2571 780 2631 habet.
812 2575 966 2630 circumire
983 2575 1053 2628 euim
1071 2567 1144 2630 haud

692 2679 754 2718 rara
772 2661 844 2719 idem
857 2660 930 2740 quod
947 2679 1043 2726 orare,
1058 2676 1145 2732 pren·

692 2769 776 2828 aure,
794 2749 941 2824 signifieat,
962 2749 1000 2803 ita
1017 2754 1048 2802 nt
1066 2744 1146 2799 etiam

691 2835 745 2892 hac
761 2827 871 2895 loeuiu
888 2856 920 2892 eo
939 2850 1094 2913 expressum
1110 2829 1148 2886 sit
1233 2857 1237 2866 ν

693 2916 1147 3003 „implorantesearumauxilium“.
1224 2936 1226 2972 ι

694 3031 746 3068 nec
770 3008 851 3068 ruodo
877 3011 1003 3090 precibus
1033 3007 1073 3069 illi
1098 3005 1148 3064 sed

693 3099 774 3158 etiam
793 3100 946 3174 castigando
964 3117 1075 3155 suorum
1092 3095 1149 3150 ani·

693 3207 754 3244 mos
772 3187 957 3245 accenderant.
984 3217 1019 3228 ·-
1035 3183 1085 3240 tl:
1102 3201 1148 3238 ua·
1245 3183 1252 3202 ‘¹
1305 3177 1332 3224 .'

695 3277 760 3335 cari.
779 3306 813 3316 -
830 3273 867 3330 lu:
888 3292 972 3348 passa
990 3277 1088 3330 esseut.

653 3387 680 3446 5.
698 3385 728 3441 in
746 3405 818 3444 auos
827 3383 913 3458 fines
930 3382 1021 3438 mitti.-
1038 3376 1150 3438 ulma,
1179 3425 1183 3442 .

697 3471 728 3530 P.
746 3503 781 3514 -
803 3469 831 3527 lli
848 3469 940 3528 m.1.:
964 3470 994 3528 iu
1011 3487 1077 3536 suos
1096 3465 1151 3522 fine
1233 3513 1237 3524 .

697 3561 777 3617 mini.
794 3587 830 3600 -·
848 3554 948 3612 Versus
966 3555 999 3612 ab
1019 3562 1151 3614 armatos

698 3644 733 3702 ad
751 3665 805 3701 nec
823 3646 904 3720 ipsos
922 3643 1010 3700 modo
1028 3643 1071 3699 bis
1086 3643 1151 3698 seri·
1198 3649 1206 3662 '

697 3743 760 3812 ptus
779 3733 866 3789 estin
885 3729 920 3789 lt.
937 3761 972 3774 -

652 3859 681 3917 ὑ.
699 3875 757 3914 ana
775 3855 875 3916 diuisa
896 3855 1020 3913 laudere:
1038 3851 1094 3910 Pu
1118 3882 1152 3894 -

696 3943 718 4002 l.
741 3941 786 4002 Fr.
810 3941 894 4001 Grau.
919 3941 1035 3998 malebat
1061 3937 1153 4006 „diui-

699 4032 781 4088 sui“:
798 4029 848 4088 sed
859 4030 912 4086 hcc
924 4025 1153 4102 ademtae-ngui-

701 4117 794 4174 flcaret
811 4117 885 4196 quod
903 4116 1072 4188 ‚‚douasse“.
