2750 4720
398 243 401 254 '
511 249 700 354 orsurus
1076 241 1138 308 stt

30 452 145 525 erant,
182 463 260 508 curn
281 431 481 505 extenuando
508 427 665 502 infirmam
693 439 725 496 et
746 429 799 496 vix
820 427 1061 512 cohaerentem,
1077 456 1140 500 me-

30 549 123 618 diam
155 544 263 612 aciem
297 541 459 638 haberent
496 533 628 626 paulum
656 545 723 602 erat
751 534 791 602 ab
823 534 951 620 dextera
979 539 1052 605 editi
1078 539 1142 608 loci

29 677 136 745 quem
158 643 357 718 subsidiariis
384 640 497 734 repleri
525 639 659 731 placuit,
685 663 788 729 eaque
808 661 859 706 res
887 649 924 706 ut
945 639 1066 708 initium
1087 669 1139 734 pa-

30 753 122 826 voris
148 778 190 822 oc
214 754 308 841 togae
329 750 375 818 sic
397 771 459 816 una
481 746 567 813 salus
587 745 777 836 fugientibus
797 743 867 812 tuit.
899 765 975 812 nam
995 746 1140 818 Brennus

29 860 171 952 regulus
202 855 369 923 Gallorum
400 852 433 918 in
464 850 621 942 paucitate
648 849 789 918 hostium
814 859 915 916 artem
942 851 1080 919 maxime
1106 844 1170 920 ti·5

28 987 144 1045 mens,
175 970 266 1029 ratus
288 960 332 1032 ad,
349 958 382 1024 id
404 966 534 1048 captum
554 953 750 1045 superiorem
770 952 880 1020 locum
899 965 949 1038 ut,
982 955 1037 1022 ubi
1059 957 1143 1024 Galli

31 1087 114 1140 oum
138 1065 213 1132 acie
234 1064 396 1154 legionum
418 1071 505 1144 recta
526 1059 631 1128 fronte
647 1051 928 1153 concucurrissent,
950 1061 1088 1129 subsidia
1110 1063 1142 1128 iu

28 1194 173 1244 aversos
197 1180 461 1258 transversosque
489 1166 643 1256 impetum
664 1163 789 1250 dorent,
817 1164 858 1244 ad
881 1165 1083 1234 subsidiarios
1105 1168 1143 1233 si·
1219 1209 1222 1214 -

31 1303 97 1372 gna
123 1273 299 1358 convenit·
317 1273 344 1340 si
367 1295 424 1342 eos
445 1271 520 1342 loco
542 1268 715 1360 depulisset
735 1267 822 1336 haud
844 1270 956 1338 dubius
971 1270 1097 1339 facilem
1110 1271 1152 1341 im

31 1405 146 1475 aequo
178 1379 283 1470 campi
301 1389 434 1449 ¹tantum
460 1372 620 1467 superanti
647 1373 846 1458 multiturline
874 1375 1038 1444 victoriam
1065 1376 1141 1444 lore.
1158 1366 1191 1420 ¹⁰
1311 1445 1312 1452 ἵ

34 1491 123 1578 adeo
147 1507 216 1552 non
237 1485 364 1550 fortuna
385 1484 483 1550 modo
511 1468 570 1548 scri
596 1478 675 1546 ratio
704 1477 800 1544 ctiam
820 1501 896 1544 curn
922 1475 1061 1546 barbaris
1083 1481 1142 1548 ita-

33 1595 103 1662 bat.
143 1591 179 1658 in
208 1587 306 1654 altera
336 1585 403 1653 acie
429 1584 506 1652 nihil
538 1582 640 1650 simile
661 1581 812 1650 Romanis
840 1605 905 1648 uon
933 1585 1016 1672 apud
1047 1584 1144 1652 duces
1260 1637 1266 1650 r
1337 1576 1340 1587 ’

33 1722 106 1768 non
131 1692 221 1784 apud
245 1689 361 1774 milites
380 1700 464 1756 erat:
499 1711 602 1780 pavor
622 1686 762 1776 fugaque
784 1699 1001 1776 ⁴occupaverat
1022 1689 1144 1754 animos

35 1815 72 1872 ot
94 1809 189 1870 tanta
212 1793 356 1862 omnium
378 1791 498 1862 oblivio
519 1801 557 1858 ut
577 1791 679 1858 multu
702 1789 804 1858 maior
824 1812 897 1880 pars
914 1789 1013 1858 Veios
1035 1791 1067 1856 in
1088 1791 1144 1859 ho·
1180 1833 1188 1842 ·

36 1907 144 1976 stium
167 1899 295 1980 urbem,
318 1921 394 1975 curn
414 1895 537 1964 Tiberis
560 1905 697 1977 arceret,
724 1917 822 1984 quarn
843 1905 931 1962 recto
951 1894 1061 1962 itinere
1083 1896 1144 1963 Ro·
1158 1886 1190 1962 ¹5

38 2035 133 2080 marn
157 2004 199 2073 ad
222 2002 373 2093 coniuges
400 2026 438 2069 ac
466 2001 582 2068 liberos
609 2000 761 2090 lugerent
798 2019 968 2090 parumper
995 1999 1144 2067 subsidia-

37 2115 105 2184 rios
129 2120 255 2182 tutatus
278 2117 328 2174 est
348 2107 455 2180 locust
476 2105 508 2174 in
525 2104 650 2196 reliqua
665 2105 732 2172 acie
746 2103 841 2171 simul
862 2114 912 2173 est
933 2105 1055 2172 clamor
1075 2129 1145 2196 pro-

35 2220 146 2290 'xirnis-
159 2215 203 2286 ab
224 2215 323 2282 latere
350 2211 469 2280 ultimis
498 2211 538 2278 ab
566 2223 655 2302 tergo
684 2209 822 2292 auditus,
854 2211 998 2302 ignotum
1019 2209 1146 2280 hostem
1243 2241 1248 2250 ·

38 2325 130 2416 prius
154 2343 260 2410 poene
283 2342 380 2408 quarn
401 2317 555 2399 viderent,
576 2340 642 2384 non
663 2315 762 2384 modo
784 2310 849 2386 non
871 2326 1027 2408 temptato
1049 2327 1146 2385 certa-
1259 2314 1266 2321 ’

37 2429 130 2498 mine
154 2423 215 2506 sed
237 2445 278 2488 ne
300 2422 440 2488 clamore
459 2419 599 2508 ‘quidem
626 2421 749 2486 reildito
775 2420 886 2510 integri
907 2422 1077 2509 intactique
1100 2409 1194 2487 fust⁰

39 2539 171 2626 gerunt.
208 2548 269 2594 nec
289 2524 355 2590 ulla
378 2523 491 2591 caedes
514 2522 721 2616 pugnantium
742 2521 816 2590 fuit:
849 2533 938 2613 terga
960 2547 1052 2591 caesa
1074 2547 1146 2592 suo·

61 2755 88 2812 2.
100 2747 226 2826 paulum
236 2751 301 2801 crat
310 2744 348 2800 ab
357 2743 483 2803 dexteru
494 2741 568 2798 editi
638 2743 680 2802 17.
698 2749 810 2798 tutatus
822 2742 981 2799 catiacus:
998 2741 1070 2800 Mm.
1079 2741 1147 2801 2:1².

13 2869 19 2886 ι
109 2833 186 2893 loci.-
213 2831 276 2903 ΡΜ]
304 2829 421 2909 paullum
448 2837 505 2886 ortt
532 2828 565 2884 alr

110 2923 206 2980 elettra
224 2927 274 2978 cet.
325 2957 328 2962 ·
360 2959 365 2966 ,

63 3014 91 3069 6.
111 3017 198 3068 ratus
215 3007 260 3064 a'd
281 3007 315 3063 id
336 3015 469 3082 captum.-
490 3003 512 3060 P
530 3024 566 3063 ru.

106 3100 138 3155 tl.
157 3093 193 3152 Μ.
213 3125 246 3136 -
264 3093 286 3150 Ρ
304 3115 339 3154 m.
360 3101 395 3154 l.:
414 3103 517 3172 captus.
531 3125 565 3135 —

110 3183 186 3239 Pru.
200 3186 246 3240 -1.:
269 3191 299 3238 ut
316 3184 364 3240 ibi.
388 3215 422 3224 -
443 3181 484 3238 lll:
505 3200 565 3239 cum

115 3268 174 3322 acie
182 3265 313 3350 relicuum
324 3277 395 3322 recta
404 3267 490 3323 fronte
503 3288 566 3322 con·

116 3353 303 3410 cucurrissent
316 3351 351 3407 P:
362 3355 566 3410 concurrissent.

52 3447 97 3501 10.
127 3441 282 3515 superanti
314 3440 509 3496 multitudini:
545 3437 567 3494 P

115 3525 189 3586 Harl.
202 3546 219 3584 1.
232 3525 304 3582 -Μ
322 3545 356 3584 ru.
377 3529 413 3586 l.:
430 3528 568 3603 superanti

116 3614 287 3673 multitudine
317 3615 471 3670 euictoriaur
502 3614 568 3672 sore.

117 3721 153 3760 ro.
170 3705 212 3761 ‘l.:
240 3712 381 3780 superante
398 3699 569 3759 multitudine

115 3791 253 3846 uictoriam
273 3793 337 3849 l'ore.
516 3793 519 3799 '

692 2858 734 2902 .··
752 2829 779 2886 u
796 2848 832 2889 m.
852 2832 888 2888 1.=
905 2838 1014 2888 tutatos.
1026 2827 1095 2886 -P
1111 2849 1148 2889 m.

699 2918 724 2976 1.
734 2915 777 2973 ll:
791 2917 938 2992 proximis
949 2919 988 2973 ab
999 2919 1093 2976 latere
1106 2918 1149 2976 ul-

697 3006 778 3062 timis
790 3005 828 3062 ab
839 3014 933 3084 tergo.
951 3005 1018 3066 Pm.
1028 3009 1052 3066 Ξ,
1060 3018 1070 3062 r·
1080 3027 1148 3083 pro·

698 3095 799 3150 :cimus
817 3101 844 3148 et
862 3093 989 3154 ultimus.

638 3183 680 3239 19.
696 3183 781 3256 prius
792 3200 887 3256 paene
899 3201 988 3260 qupm
1001 3181 1149 3238 uiderent:

696 3265 1150 3344 Pmu-Pmtupm

699 3373 794 3431 poene.
814 3383 848 3394 -
865 3339 932 3409 ¹Plll:
955 3373 1038 3420 „non
1061 3355 1149 3410 modo

699 3453 760 3496 non
781 3447 909 3516 temptato
932 3441 1075 3496 certamine
1096 3441 1152 3506 sed

701 3545 738 3582 ne
750 3525 866 3583 clamoic
878 3528 997 3603 quidem
1012 3527 1117 3584 reddito
1125 3533 1150 3586 “.
1189 3599 1191 3612 Ι

648 3670 651 3676 ,
701 3613 735 3672 cl'.
748 3617 773 3680 t,
786 3617 827 3670 :l.:
846 3634 923 3682 „uon
941 3615 1023 3672 modo
1036 3633 1089 3671 non
1104 3636 1149 3692 pa·

633 3779 637 3786 .
702 3702 807 3757 tricium
825 3703 873 3758 secl
892 3721 926 3761 ne
939 3706 1024 3760 clvern
1043 3702 1149 3779 qulrlem

700 3796 868 3849 romanurn“.
887 3790 921 3850 al.

57 3879 100 3935 11.
117 3883 202 3932 tanto
214 3878 340 3934 omnium
353 3878 479 3934 obliuio:
492 3873 512 3934 l.
525 3874 570 3934 Fr.
640 3878 683 3934 ut.
702 3895 755 3932 uec
772 3880 836 3933 ullu
853 3880 941 3934 cedes
957 3879 1150 3956 pugnantium

120 3961 204 4020 Goon.
214 3991 248 4006 -·
261 3963 309 4020 Plll
325 3964 396 4022 tella
416 3972 501 4018 tmrtn
518 3963 569 4020 luo·

119 4051 229 4106 minum
251 4050 369 4108 obliuio.
400 4049 443 4108 Gi.
462 4053 493 4117 3,
511 4053 585 4108 ooo

120 4139 220 4215 ingenti
239 4136 374 4194 lominum
392 4137 501 4198 laetitia.
523 4185 529 4200 ,
602 4129 603 4138 ’

697 3963 777 4036 suit:
801 3964 827 4020 lt
850 3983 884 4022 rn.
903 3967 929 4022 2.
957 3995 990 4004 -
1015 3963 1042 4020 lll
1059 3985 1093 4023 m.
1114 3968 1149 4022 l.:

704 4071 736 4106 nc
750 4050 801 4106 nlla
815 4051 902 4110 cedes.
922 4049 958 4106 P:
977 4071 1011 4108 nc
1024 4050 1075 4108 ulla
1094 4072 1151 4112 cut·

703 4139 818 4207 (lus'ccl.
