2750 4720
515 304 672 366 cruror.
898 301 950 338 ω
1077 295 1172 362 573γ

11 475 132 554 maior
159 493 209 540 ex
226 451 301 538 'acie
318 469 415 538 Veios
437 468 569 558 petisset
583 489 680 558 quam
694 463 839 550 Romam,
860 491 956 539 nemo
976 473 1140 562 superesse

14 600 245 669 quemquam
277 585 401 665 praeter
429 595 486 640 eos
515 572 569 662 qui
594 573 731 640 Romam
758 571 938 662 refugerant
970 576 1141 662 crederent,

15 681 225 774 conplorati
248 701 360 747 omnes
381 677 496 768 pariter
517 676 580 744 vivi
596 677 775 768 mortuique
790 670 895 764 totor'ir¹
907 701 1007 769 prope
1029 681 1141 750 urbem

16 785 188 855 lamentis
213 783 422 873 inpleverunt
460 781 599 872 privatos
621 782 733 849 deinde
763 782 866 850 luctus
894 784 1063 874 stupefecit
1087 811 1142 876 pu-

18 892 139 960 blicus
165 911 282 980 pavor,
310 899 481 979 postquam
502 887 611 956 hostes
630 888 745 956 'adesse
771 888 950 956 nuntiatum
972 901 1030 958 est.
1066 899 1173 958 mox5
1219 907 1224 914 ’

22 995 188 1063 ululatus
214 1004 389 1084 cantusque
412 993 557 1061 dissonos
572 990 757 1082 vagantibus
779 976 861 1060 circa
881 985 1008 1062 'moenia
1029 1005 1144 1062 mnua-

22 1100 92 1175 tim
115 1097 270 1166 barbaris
292 1097 469 1166 audiebant.
508 1119 604 1164 omne
618 1096 692 1165 inde
706 1107 834 1188 tempus
848 1121 1020 1189 suspensos
1041 1097 1084 1166 ita
1100 1111 1144 1166 te-

8 1204 106 1272 'nuit
130 1202 387 1293 animosusque
411 1204 451 1269 ad
472 1202 578 1272 lucem
600 1202 745 1284 alteram,
772 1213 807 1268 ut
832 1201 1004 1295 identidem
1028 1204 1145 1272 iamin
1203 1235 1208 1257 ν

28 1309 159 1378 urbem
184 1305 310 1396 iuturus
332 1307 491 1402 videretur
510 1305 665 1408 impetus,
688 1307 792 1396 primo
814 1307 978 1393 adventus,
1001 1307 1075 1400 quia
1097 1331 1146 1375 ac-

102 1485 203 1545 quam
223 1474 344 1542 praeter
366 1487 418 1542 eoe
442 1466 495 1543 qui
517 1481 563 1522 ro·

101 1561 191 1612 reram
213 1558 388 1631 refugerant
413 1552 566 1608 crederent

61 1638 65 1660 ¹
105 1649 176 1698 cet:
202 1637 252 1695 PM
265 1639 335 1697 ¹eod.
352 1637 439 1698 Rhen.
457 1635 565 1694 narra.

103 1720 415 1798 Leid.1.el.]Romani,
434 1741 566 1800 rumpere

106 1817 202 1874 maior·
231 1833 264 1870 ex
288 1815 345 1868 acie
372 1811 456 1870 Veios
484 1813 566 1888 petie·

106 1911 161 1970 set,
172 1919 252 1956 nemo
261 1919 401 1980 superesse
409 1919 568 1975 quemquam

54 1993 57 2000 ’
109 1995 223 2068 praeter
240 2008 287 2043 eos
306 1987 353 2064 qui
366 1983 479 2043 Romam
497 1985 567 2044 resu-

108 2085 209 2150 gerant
231 2074 352 2130 crederet
375 2084 425 2133 cet.
448 2105 482 2116 -
509 2073 569 2132 Ro·

112 2163 201 2218 mam'
217 2161 276 2222 Μ
295 2182 349 2219 non
366 2165 402 2220 ita
417 2173 452 2220 'ut
468 2164 512 2229 30;
530 2161 569 2220 3.:

113 2247 204 2327 „pere
226 2251 313 2306 maior
339 2261 462 2308 auctores
482 2254 568 2306 sont“

39 2353 43 2360 ·
114 2357 180 2392 cum
197 2340 293 2393 maior
311 2357 385 2412 pare
409 2339 570 2412 coniungen-

115 2422 184 2477 dum
202 2441 274 2488 esee,
292 2419 478 2490 vellnumerus
495 2422 571 2478 verbi

111 2508 242 2584 petisset
259 2507 364 2563 videtur
388 2507 493 2566 docere.
527 2507 572 2574 Ad

117 2613 221 2664 „nemo
240 2592 403 2650 crederent“
422 2593 456 2652 oi.
467 2595 494 2660 3,
512 2594 572 2652 405

118 2700 204 2751 „cnm
216 2701 301 2740 nemo
314 2713 348 2723 —
363 2681 573 2738 controversiam

112 2767 277 2842 fecerint“.
301 2797 335 2811 -
358 2767 445 2826 Verba
470 2787 573 2844 „quam
629 2759 632 2769 ¹

118 2855 354 2928 Romem‘ssflcorn
376 2857 404 2913 in
426 2855 574 2912 recentiore

120 2942 574 3012 snolibrononrideretdelerivo-

122 3031 208 3088 luerat
219 3029 354 3108 Sigonius.
365 3063 398 3075 —
411 3029 472 3088 PM:
485 3051 574 3100 „eore-

120 3119 235 3192 ploretr'
259 3139 360 3176 omnes
376 3121 490 3194 pariter
514 3119 579 3175 uiui

125 3206 291 3278 mortuique
307 3214 400 3260 totam
418 3225 510 3280 prope
528 3225 575 3261 ur·

53 3307 57 3320 ·
126 3289 190 3344 dem
204 3290 343 3345 lamentis
359 3290 544 3365 inpleverunt
550 3296 575 3350 “.

125 3373 147 3430 P
164 3393 199 3431 m.
220 3377 258 3428 1.:
279 3373 453 3450 inpleuerent.

6 3503 7 3532 p
82 3465 108 3520 9.
123 3463 219 3538 primo
238 3460 403 3518 aduentus:
421 3457 496 3520 tim.
508 3461 578 3522 ·1.P

127 3547 204 3607 Lod.
227 3566 245 3606 r.
268 3545 320 3618 aL]
347 3549 435 3624 primo
462 3547 579 3606 adventu

128 3655 181 3713 quo
201 3643 368 3692 accerserent
386 3644 435 3696 cet.
460 3669 494 3678 -
517 3637 579 3694 Ae-

126 3733 239 3790 uentus,
257 3721 331 3800 quod
341 3723 369 3778 io
382 3724 490 3800 optimis
502 3721 579 3779 libris

129 3809 269 3886 reperitur,
288 3810 486 3884 integerrimum
499 3819 580 3866 estet

130 3897 247 3970 pertinet
271 3905 404 3973 tamquam
431 3897 580 3954 subiectum

68 3975 72 3982 ⁴
130 3979 580 4061 ad„tenuitarimoeeurpensos“.

130 4068 178 4126 red
204 4069 268 4124 haec
293 4069 475 4148 interpretatio
500 4069 582 4128 huius

131 4157 183 4215 ioci
206 4174 364 4234 quemquem
385 4175 434 4234 per
458 4175 488 4213 se
509 4156 582 4214 sacil-

696 1463 768 1529 lima,
785 1463 875 1520 verbis
887 1465 1105 1534 interiectie,„ita
1118 1477 1149 1522 ut

698 1549 846 1606 identidem
870 1552 923 1606 iem
946 1554 975 1608 in
999 1554 1091 1610 urbem
1108 1553 1148 1610 su·

697 1643 773 1694 turus
789 1637 926 1694 rideretur
942 1639 1080 1714 impetus“
1098 1640 1148 1695 dif-

696 1722 795 1780 ficilior
812 1723 929 1798 quodam
946 1725 1027 1783 modo
1045 1727 1148 1782 reddita

699 1819 756 1877 est3
774 1831 826 1888 qna
844 1830 873 1866 re
891 1821 918 1866 et
936 1813 963 1868 in
976 1812 1003 1868 Μ
1021 1833 1100 1870 mann
1113 1813 1151 1868 al-

700 1907 757 1953 tera
775 1909 802 1953 et
820 1900 848 1953 in
866 1897 926 1956 eliis
949 1902 1057 1976 scriptio
1074 1899 1151 1958 libris

693 2004 733 2066 *ex
750 1985 899 2043 aduentus
917 1985 1014 2044 sactum
1030 1987 1151 2045 ridemus

701 2072 842 2132 aduentu.
879 2073 956 2150 Quia
973 2085 1001 2131 et
1023 2078 1075 2154 ipsi
1093 2079 1151 2153 qui·

703 2157 763 2216 dem
775 2161 941 2236 scripsimus,
953 2182 1015 2220 cum
1026 2166 1055 2222 io
1067 2163 1152 2224 omni*-
1192 2205 1193 2216 t

702 2243 945 2310 tresenreuter
970 2253 1035 2327 qui,·
1062 2272 1153 2330 quarr-

704 2355 784 2411 quam
808 2355 823 2390 a
841 2333 920 2395 Livio
943 2340 1072 2416 scriptum
1095 2359 1154 2396 esse

707 2423 845 2495 quoniam
856 2423 1025 2481 arbitramur:
1036 2429 1075 2481 sic
1084 2429 1154 2480 enim

705 2525 784 2582 saepe
808 2509 840 2562 ui
860 2516 887 2562 et
908 2528 938 2563 m
961 2511 1032 2566 inter
1048 2529 1078 2565 se
1095 2531 1155 2587 per·

703 2600 803 2647 mutata
822 2601 848 2647 et
870 2601 921 2670 qm
942 2595 1024 2651 scribi
1047 2593 1156 2653 solitum

706 2697 766 2734 esse
795 2680 824 2734 in
854 2684 970 2758 antiquis
999 2682 1077 2740 libris
1106 2704 1156 2762 pro

706 2768 847 2840 quoniam
871 2777 963 2825 notum
987 2779 1037 2828 est.
1066 2771 1100 2828 os.
1123 2770 1157 2827 de

706 2851 785 2908 liuius
804 2855 1000 2914 coniunctionis
1016 2878 1096 2914 sensu
1108 2855 1157 2914 Fe·

707 2948 774 2999 stue
810 2940 891 3010 „Von
915 2941 949 2999 de
971 2965 1005 3001 an
1028 2955 1158 3002 versetzte

709 3025 753 3082 die
775 3047 857 3104 garze
879 3031 938 3088 Zeit
958 3032 1092 3090 hindurch
1115 3034 1159 3090 die

708 3111 855 3174 Gemiither
872 3119 900 3174 in
913 3121 1061 3198 anigeregte
1073 3120 1159 3194 Span-

710 3221 782 3278 nung
794 3226 869 3262 -so
889 3206 951 3263 dass
968 3210 1007 3262 sie
1018 3207 1097 3282 jeden
1107 3207 1160 3262 Au·

709 3289 832 3360 genblicir
848 3292 973 3364 'glaubten
998 3291 1041 3347 die
1054 3289 1162 3348 'Feinde

709 3373 823 3431 wfirden
863 3397 918 3434 mm
954 3377 1096 3435 einrdclren
1127 3410 1161 3420 -

710 3459 796 3534 gleieh
814 3472 904 3518 rueret
916 3463 959 3520 die
970 3463 1091 3521 Antonii
1103 3463 1164 3524 der-

711 3547 812 3614 selben‚
825 3549 888 3605 weil
898 3551 970 3624 sieja
983 3571 1017 3607 an
1030 3552 1074 3608 die
1083 3551 1164 3608 Stedt

712 3635 901 3711 herangertioirt
912 3657 1020 3694 waren:
1039 3669 1074 3680 -
1093 3638 1164 3695 deun

712 3719 803 3780 httteo
822 3725 862 3780 sie
880 3722 953 3780 diere
965 3724 1079 3781 Abeicht
1091 3723 1166 3780 nieht

711 3808 1048 3882 gehabt‚eowr”1rdensie
1066 3831 1099 3867 arr
1118 3811 1166 3867 der
1199 3877 1214 3890 f

713 3893 772 3950 Alie
791 3895 929 3972 gebiieben
946 3899 1021 3954 eoin:
1041 3928 1075 3938 —
1094 3895 1180 3988 donn¹

714 3983 817 4039 wieder
833 3981 957 4056 gleubten
975 3986 1024 4052 sie,
1051 3982 1090 4039 als
1107 3983 1166 4040 sich

716 4068 760 4142 die
795 4069 887 4125 Soone
923 4090 983 4126 rom
1015 4067 1168 4146 Untergang

715 4159 825 4232 neigtc“
844 4175 870 4214 u.
882 4175 905 4214 s.
917 4177 954 4216 w.
990 4155 1072 4275 quod
1095 4158 1167 4215 huno
