2756 4720
232 303 297 374 438
695 309 803 374 nunu
819 309 863 372 ll.

233 481 301 574 ipse
323 477 506 548 subvenerit
526 485 582 544 ant
603 472 723 544 miserit
744 473 945 567 praesidium,
965 487 1095 567 pustero
1118 475 1285 568 denique
1312 473 1351 544 ὗ

233 583 349 676 ecquid
370 580 506 674 praesidi
526 599 664 673 usqrurn
682 579 832 676 lrabueris
854 603 895 648 an
916 591 954 649 tn
974 578 1158 670 unhursqne
1177 581 1216 658 in
1244 593 1351 658 catu

234 699 339 760 vestra
361 687 475 758 virtue
497 685 714 778 perruperitis‚
740 707 878 778 ecquem
904 685 938 754 in
960 685 1070 755 eastris
1091 684 1287 754 consulem
1313 709 1352 756 ee

234 817 333 885 quern
355 791 531 862 exereitum
552 791 746 876 inveneritis,
774 813 815 858 an
837 791 962 860 deserte
984 800 1084 860 castra
1109 783 1260 860 'relictos
1289 815 1352 860 sn

203 899 300 968 scios
329 897 459 968 milites:
496 895 578 966 haec
605 919 664 988 pru
692 897 806 966 virtute
834 907 890 966 aa
917 896 1059 988 fideque,
1092 917 1159 988 qua
1185 919 1267 964 una
1295 897 1352 968 he

232 1001 318 1070 bellu
340 1025 392 1071 res
412 1001 540 1094 publica
560 1002 656 1085 stetit,
677 1001 810 1070 dicenda
831 1000 888 1070 tibi
901 1013 978 1072 sunt
990 999 1096 1070 hodie.
1119 1001 1282 1094 deniqne
1301 1001 1352 1070 uli

231 1105 270 1174 (l.
298 1106 506 1199 Sempronius
534 1107 591 1176 ubi
616 1107 758 1199 legiones
785 1118 913 1180 nosuae
940 1107 1018 1190 sint,
1046 1105 1194 1174 deserum
1231 1105 1287 1175 sis
1319 1127 1352 1174 ar

232 1208 410 1281 deserueris
431 1211 598 1284 uumrrlem
624 1212 879 1305 exercitumque,
905 1207 982 1282 victi
1010 1209 1149 1302 denique
1171 1209 1294 1284 simus
1317 1233 1352 1280 ι

232 1315 434 1386 vicerimus“.

186 1431 221 1489 ιο
318 1419 401 1489 XLI.
444 1421 606 1498 Adversus
627 1421 709 1494 haec
729 1420 888 1514 Tempani
915 1419 1018 1492 oratio
1045 1419 1216 1514 incompta
1248 1421 1350 1492 luisse

232 1523 353 1609 dictur,
380 1536 523 1601 ceterum
546 1527 721 1598 militariter
742 1528 862 1621 gravia,
893 1547 961 1596 nun
988 1524 1056 1594 suis
1077 1548 1160 1594 vana
1188 1525 1346 1594 laudibus

162 1619 171 1626 ’
231 1653 298 1698 nun
326 1627 457 1700 erimina
486 1631 590 1702 alienu
617 1629 712 1702 laeta.
746 1644 864 1724 quanta
890 1629 1057 1726 prudentia
1077 1629 1124 1698 rei
1144 1629 1347 1700 bellicueir

232 1735 272 1804 G.
294 1735 484 1828 Sempronio
506 1749 605 1822 esset,
632 1759 698 1806 non
718 1735 825 1806 militis
851 1737 892 1806 rle
913 1736 1105 1829 imperatore
1131 1735 1345 1806 existirnatie

230 1863 307 1911 nem
331 1861 403 1908 esse
424 1841 482 1912 sed
503 1843 616 1938 pupuli
636 1841 773 1916 Romani
793 1839 891 1910 luisse
913 1863 988 1910 eum
1013 1863 1090 1910 eum
1112 1841 1246 1910 comitis
1272 1865 1342 1912 eun

185 1953 219 2012 15
231 1945 336 2013 sulem
361 1945 491 2036 legeret.
536 1946 644 2039 itaque
672 1969 715 2016 ne
741 1947 782 2016 ab
809 1969 846 2014 se
873 1945 1077 2038 imperatoria
1104 1945 1244 2014 comilis
1283 1971 1340 2016 neu

231 2049 415 2123 consulares
438 2059 522 2126 artes
544 2050 761 2143 exquirerent,
789 2073 874 2142 quae
900 2049 1086 2142 pensitanda
1114 2073 1255 2144 quiaque
1280 2077 1339 2122 mu

230 2152 300 2244 gnis
322 2153 434 2220 animis
456 2164 553 2244 atque
574 2154 707 2247 ingeniis
736 2165 858 2227 essent:
886 2155 946 2223 sed
967 2155 1056 2247 quod
1077 2154 1191 2227 viderit
1221 2157 1337 2226 referre

230 2279 342 2348 posse:
374 2256 491 2326 vidisse
513 2269 623 2330 autem
644 2282 680 2328 se
701 2259 887 2352 priusquam
914 2258 956 2328 ab
984 2258 1053 2327 acie
1072 2259 1339 2332 intercluderent

247 2475 274 2534 l.
291 2495 325 2534 ec
342 2475 418 2554 quid
425 2477 544 2556 presidi
555 2497 682 2556 usquam
694 2477 746 2540 bae

291 2564 409 2622 buerirr
430 2563 463 2626 P.
490 2597 526 2611 -
552 2558 596 2624 M:
623 2586 655 2624 ee
680 2564 747 2644 quid

291 2649 470 2730 psidiisquam
487 2651 622 2713 habueris.
651 2674 688 2713 m.
705 2655 746 2722 2:

291 2737 374 2816 psidii
397 2759 485 2818 quam.
509 2769 545 2784 -
570 2739 608 2799 P:
635 2759 748 2818 ecquem

290 2827 320 2882 in
345 2828 441 2884 eastris
464 2825 602 2886 consulem
624 2841 645 2882 e
665 2845 746 2906 quem

290 2915 437 2970 exercitum
449 2915 617 2974 inueneritis.
626 2946 660 2956 -
675 2913 697 2970 Ρ
708 2935 746 2986 ιη.

292 2997 345 3054 l.:·
365 2999 474 3059 relictus
502 3004 609 3062 sueciae,
636 2999 745 3070 milites.

290 3099 325 3138 m.
344 3085 383 3150 2:
402 3087 518 3146 saucios.

245 3167 272 3225 5.
291 3165 365 3224 laec
384 3189 441 3244 pro
464 3173 574 3238 uirtute
595 3180 649 3228 tua
667 3171 746 3248 fide«

294 3272 364 3330 que:
382 3255 410 3316 lll
427 3276 463 3320 nr.
482 3259 507 3318 1.
524 3255 554 3317 P.
568 3289 602 3312 —
620 3257 743 3330 illrum:

287 3342 387 3400 uirtute
404 3353 466 3405 tuae.
489 3376 524 3387 -
551 3343 591 3403 Μ.
617 3353 669 3425 qui
691 3353 745 3414 nni,

287 3426 341 3485 lroe
356 3429 428 3488 bello
446 3439 508 3512 resp'r
524 3433 609 3493 stetit.

229 3513 274 3582 10.
294 3513 437 3593 Tempani
446 3521 555 3579 oratu:
569 3519 618 3578 ΡΜ
629 3519 702 3584 Harl.
712 3523 745 3596 u}

288 3597 430 3677 Tempanii
449 3608 544 3667 oratio.
562 3641 597 3652 -
615 3607 664 3666 ΡΜ
682 3609 744 3682 aad.

289 3683 377 3748 eren.
395 3687 442 3760 aL:
470 3694 616 3770 incompta
635 3695 743 3772 fuisse

289 3771 419 3835 diuitum·

227 3857 269 3918 12.
288 3860 320 3916 in
346 3861 381 3922 G.
405 3861 596 3941 Sempronia.-
622 3869 680 3944 Plll.
705 3899 741 3917 ·-

287 3945 323 4005 P:
341 3969 417 4018 „nun
435 3952 474 4010 lic
493 3951 584 4024 militis
591 3960 617 4017 “.
633 3957 683 4016 sed
700 3960 740 4017 tio

288 4029 449 4111 expunctunr
468 4050 517 4102 eat.

148 4159 155 4178 .
227 4115 269 4174 13.
299 4121 547 4187 existimationem
577 4151 660 4192 esse:
690 4127 739 4188 ΡΜ

878 2475 955 2538 leid.
977 2496 996 2538 1.
1021 2475 1056 2538 el.
1083 2508 1118 2531 ·.-
1146 2475 1190 2538 ll:
1216 2479 1272 2544 seri¹
1299 2482 1337 2561 pir

878 2565 972 2635 luisse.
988 2559 1028 2621 P:
1050 2563 1099 2622 sed
1116 2571 1151 2644 pr
1168 2557 1269 2626 inisse.

819 2655 863 2716 ll.
881 2655 1010 2712 comitis:
1036 2650 1059 2708 P
1085 2673 1122 2722 nr.¹
1149 2656 1175 2711 1.
1196 2651 1227 2711 lli
1253 2676 1294 2714 rn.
1314 2657 1337 2712 1.

877 2737 952 2802 Harl.
969 2761 986 2800 u
1004 2733 1081 2798 Lais
1099 2741 1133 2812 u]
1157 2743 1281 2799 comitiis
1300 2742 1337 2814 (P

878 2847 915 2889 nr.
932 2831 958 2894 ᾖ
976 2825 1004 2888 ll
1021 2847 1056 2886 ur.
1074 2829 1126 2896 2.),

815 2915 860 2976 15.
876 2915 980 2993 itaque
995 2915 1156 2974 reabse:
1174 2913 1334 2982 Peren

879 3030 914 3044 —
932 3001 955 3058 P
972 3020 1009 3061 m.
1028 3002 1067 3060 l.:
1084 3003 1176 3080 itaque
1192 3023 1229 3059 ne
1247 3025 1324 3083 apse.

815 3089 859 3176 lli.
890 3108 968 3164 quae
994 3084 1178 3166 pensitanda
1215 3112 1336 3170 quoquc

842 3177 845 3188 '
875 3176 994 3255 maguis
1013 3177 1120 3234 animis
1141 3185 1233 3255 alque
1252 3179 1335 3258 inge-

876 3263 936 3324 niia.
965 3271 1079 3322 creent.-
1109 3261 1168 3323 Pll.
1201 3263 1336 3342 „Gergou-

875 3347 972 3411 sttude
993 3349 1037 3409 die
1060 3349 1129 3415 anch
1152 3349 1215 3408 deur
1237 3373 1336 3428 ausge-

875 3437 1031 3501 zeiolsneten
1054 3435 1150 3496 Talent
1167 3439 1239 3498 noclr
1258 3442 1337 3497 einer

874 3536 985 3592 ernsten
1012 3525 1164 3602 Erwlgung
1193 3525 1336 3604 bednrltig

875 3611 1033 3672 erselreineu
1057 3615 1210 3682 mr’issten‘l.
1231 3612 1261 3674 Ἰ,
1285 3613 1310 3676 F
1311 3635 1336 3675 r.

873 3697 1336 3777 Gronoviusseribivoluit:‚‚quae

870 3788 1008 3866 pensitare
1026 3808 1133 3868 quoqne
1144 3789 1233 3862 magni
1244 3789 1335 3855 animi

872 3883 953 3952 atque
969 3875 1071 3952 ingenii
1088 3879 1190 3933 esset“.

812 3960 854 4026 17.
881 3961 939 4019 sed
964 3961 1048 4040 quod
1072 3963 1183 4020 uiderit
1208 3949 1332 4035 icferre

869 4069 974 4126 poree:
996 4047 1052 4108 ΡΜ.
1082 4077 1116 4091 -··
1149 4047 1227 4109 held.
1252 4069 1271 4108 r.
1299 4060 1332 4107 et

869 4134 993 4214 plerique
1009 4155 1092 4196 rece:
1110 4135 1204 4195 referri
1222 4155 1318 4218 posse.
