2836 4720
16 319 21 418 i
123 305 132 319 r
449 262 452 272 ’
535 294 706 356 ruram
933 315 935 325 ι
1036 381 1043 394 .
1113 290 1178 360 aar
1245 237 1250 250 ⁸

182 383 185 390 r

16 419 18 522 l
79 459 154 528 bem
176 459 327 530 irrtrrrrrm.
354 459 431 552 qrrid
453 457 582 527 tandem
603 457 647 526 illi
669 481 734 526 non
754 417 860 543 licere,
881 459 1007 552 siquid
1028 466 1177 536 consules

76 565 213 656 superbe
235 565 268 632 in
290 564 430 654 aliquem
451 563 568 632 civium
590 575 645 630 aut
667 562 835 632 crudeliter
856 564 1003 651 iecerint,
1026 568 1110 636 diem
1132 571 1174 638 di-

75 691 163 754 cere,
196 677 346 738 accusare
367 669 405 734 iis
426 667 501 759 ipsis
523 667 677 736 iudicibus
700 691 837 758 quorum
858 668 891 736 in
917 670 1057 762 aliquem
1077 674 1174 742 saevi-

25 815 28 826 ·
72 783 148 846 tum,
164 775 226 842 sit?
253 797 320 842 non
340 773 420 840 illud
442 772 608 842 consulare
629 771 799 864 imperirun
820 774 877 841 sed
898 774 1096 844 tribuniciam
1117 803 1173 870 po·

71 887 221 947 testatem
241 875 377 974 invisam
396 877 690 967 intolerandamque
706 876 820 962 facere,
843 903 941 968 quam
954 879 1114 970 placatam
1127 901 1203 954 νει-5

14 971 17 1030 l
70 983 336 1078 conciliatamqrre
363 983 505 1074 patribus
533 983 572 1050 de
600 982 722 1073 integro
749 981 782 1048 in
803 983 932 1073 antiqua
959 983 1057 1075 redigi
1078 986 1173 1054 mala.

68 1109 176 1176 neque
198 1087 297 1158 ,illum
323 1111 358 1154 se
392 1087 554 1178 deprecari
582 1111 647 1178 quo
674 1085 779 1164 minus
807 1097 919 1178 pergat
946 1098 984 1154 ut
1004 1090 1173 1182 coeperit:

67 1195 178 1272 ‚,vos“
206 1190 309 1282 inquit
335 1191 460 1275 Fabius,
496 1191 619 1275 „ceteri
646 1189 776 1274 tribuni,
814 1214 942 1258 oramus
970 1203 1008 1259 ut
1028 1194 1172 1282 'primum

14 1343 17 1352 .
67 1293 212 1362 omnium
235 1297 379 1387 cogitetis
399 1307 593 1388 potestatem
613 1294 708 1364 istam
730 1296 771 1364 ad
799 1295 996 1386 singulorum
1019 1298 1172 1365 auxilium

65 1421 133 1465 non
156 1399 196 1466 ad
217 1401 400 1490 perniciem
417 1401 640 1470 universorum
667 1400 886 1490 comparatam
908 1425 994 1486 esse,
1027 1402 1170 1470 tribunos
1185 1424 1219 1478 10

12 1557 14 1562 .
67 1502 171 1592 plebis
193 1529 252 1574 vos
276 1518 399 1576 creatos
421 1530 488 1574 non
507 1505 618 1574 hostes
642 1505 792 1596 patribus.
827 1505 920 1572 nobis
944 1507 1105 1592 miserum,
1125 1508 1170 1574 in·

64 1604 226 1678 vidiosnm
246 1611 339 1680 vobis
362 1623 420 1692 est,
441 1611 601 1678 desertam
622 1633 691 1676 rem
713 1608 875 1700 publicam
896 1609 1100 1677 invadi.'n0n
1120 1612 1170 1677 ius

58 1722 209 1778 veebum
232 1714 289 1788 sed
310 1713 461 1781 invidiam
482 1712 666 1780 minueritis.
698 1712 779 1802 agite
803 1734 878 1780 crrm
899 1712 1022 1803 collega
1044 1725 1171 1782 utrem
1247 1746 1250 1755 ·
1301 1737 1307 1760 ·

60 1815 219 1904 integram
239 1817 272 1886 iu
295 1817 468 1892 adventum
489 1815 657 1886 consulum
680 1817 811 1884 differat
850 1839 892 1883 ne
913 1813 1018 1906 Aequi
1040 1801 1171 1908 quidem

61 1943 99 1986 ac
123 1919 236 1988 Volsci
259 1920 372 1988 morbo
396 1921 572 2012 absumptis
599 1921 704 2012 priore
733 1945 817 1990 anno
844 1919 1028 1989 consulibus
1051 1921 1171 1988 crudeli
1184 1943 1218 1998 15

60 2025 267 2117 superboque
288 2025 381 2094 nobis
406 2026 493 2124 bello
514 2025 689 2094 institece“.
712 2037 810 2118 agunt
831 2050 906 2094 cum
928 2007 1101 2093 'ferentillo
1118 2024 1169 2092 tri-

59 2127 140 2196 buni
160 2129 320 2222 dilataque
342 2130 538 2222 inspeciem
560 2129 685 2200 actione
707 2155 743 2198 re
769 2131 838 2222 ipsa
866 2129 991 2198 sublata
1017 2130 1165 2198 consules

19 2265 25 2286 o
59 2233 224 2326 extemplo
248 2234 399 2304 arcessiti.

9 2513 10 2516 Ἴ
77 2445 103 2500 1.
126 2444 202 2518 quid
215 2447 336 2503 tandem
348 2447 395 2503 illi
405 2467 465 2505 nou
475 2450 578 2505 licere:
684 2507 688 2513 ,
712 2455 848 2524 tamque.-
878 2445 914 2505 Μ.
939 2466 1020 2524 quam
1041 2456 1167 2525 pacatam

120 2528 157 2587 Μ.
181 2561 215 2570 -
242 2531 280 2587 P:
298 2531 402 2591 liceret.
427 2542 462 2576 ’-
490 2532 534 2592 Cl'.
551 2538 579 2602 3,
714 2533 979 2610 reconciliatamque:
1007 2531 1040 2594 P.
1066 2564 1101 2576 —
1132 2533 1166 2589 P:

121 2619 184 2676 67.:
203 2639 309 2697 „quem
326 2619 446 2676 tandem
463 2621 578 2694 ignavis·
711 2617 894 2696 depraecari·

119 2705 315 2763 simibomines
328 2709 553 2784 contempsere“?
650 2707 694 2765 10.
710 2712 748 2765 tr.
764 2708 806 2784 pl.
825 2727 881 2764 uos
899 2716 1031 2764 creator:
1050 2705 1109 2765 ΡΜ.

74 2794 100 2852 3.
118 2793 159 2849 iia
178 2794 250 2867 ipsis
263 2793 425 2851 iudicibus:
443 2793 513 2870 ΡΜ]
531 2793 578 2852 bis
650 2796 694 2853 11.
713 2794 798 2851 nobie
816 2795 966 2862 miserum,
985 2793 1168 2848 inuidiosum

117 2879 187 2956 ipsis
205 2880 351 2940 iudicibus.
711 2882 795 2938 uobis
819 2888 878 2936 est:
900 2879 959 2939 ΡΜ.
982 2878 1061 2936 nobis
1086 2881 1166 2936 mise·
1214 2895 1217 2906 ·

74 2967 100 3024 4.
119 2987 181 3022 non
203 2969 284 3025 illud
306 2971 466 3026 consulare
487 2970 575 3046 impe·
709 2988 783 3038 rum,
806 2965 971 3024 inuidiosum
999 2959 1046 3024 e'st
1063 2967 1165 3024 uobis:

117 3054 212 3112 rium.-
232 3053 299 3128 Plll]
318 3075 373 3112 non
390 3055 467 3113 illurn
479 3074 575 3114 eonsu-
709 3053 783 3114 Harl.
801 3074 819 3114 r.

118 3139 176 3198 lara
205 3144 348 3219 imperium
378 3146 436 3214 (ed.
466 3143 575 3215 Frob.).
648 3142 691 3202 12.
709 3147 800 3220 remp.
819 3141 939 3200 iurandi:
966 3141 1001 3202 Μ.
1020 3149 1105 3222 remp.
1124 3143 1166 3199 in-

120 3228 207 3286 Illud
228 3250 308 3290 cona.
336 3233 491 3307 imperium
516 3230 575 3290 scil.
708 3229 808 3287 ualidi:
827 3229 857 3288 P.

119 3317 170 3370 cui
186 3316 264 3372 odeo
283 3316 422 3387 infensus
439 3321 575 3378 tribunus
648 3321 690 3378 15.
708 3317 810 3374 morbo
829 3316 1008 3390 absumptis:
1026 3313 1085 3372 ΡΜ.

118 3403 183 3471 sit„
196 3403 227 3457 in
250 3404 332 3479 quod
350 3404 445 3478 plebia
474 3406 576 3462 odium
647 3405 690 3464 16.
709 3405 794 3461 uobis
813 3403 890 3459 bello
909 3401 1057 3456 institere:
1075 3399 1105 3458 P.
1115 3420 1164 3456 no·

52 3537 56 3550 .
120 3490 270 3546 concitare
291 3490 420 3546 studeat.
448 3493 474 3547 si
492 3493 576 3548 illum
708 3489 752 3546 bis
771 3487 842 3545 bello
865 3488 1005 3542 insistere:
1029 3485 1065 3546 Μ.
1089 3485 1165 3542 -Ρ

120 3585 194 3634 recte
212 3597 242 3634 se
260 3575 384 3643 babebat,
403 3577 575 3636 scribendum
680 3651 682 3658 y
709 3581 794 3635 m.1.:
807 3571 1114 3676 crudelissuperboquq
1128 3607 1162 3617 -

122 3674 180 3722 crat
210 3684 289 3734 „non
321 3663 462 3721 consulare
492 3665 575 3740 impe·
710 3664 777 3722 Pm.
790 3665 828 3721 1.:
846 3671 927 3737 agunt
936 3680 1001 3716 eom
1017 3661 1162 3721 terentrllo.

120 3755 190 3810 rium
212 3755 297 3810 illum
318 3752 391 3809 sed“
413 3752 456 3810 vel
478 3749 576 3820 „illurn
708 3751 736 3810 b.
755 3771 791 3810 a:
814 3769 886 3808 com.
909 3768 945 3808 m.
964 3750 1003 3808 Ἅι
1028 3769 1104 3825 qum.
1127 3780 1163 3815 -,

121 3858 181 3894 non
221 3842 379 3898 consulare
422 3841 576 3917 imperium
707 3837 730 3895 P
747 3859 783 3896 m.
801 3839 841 3895 1.:
860 3835 1013 3915 delataque.
1028 3828 1062 3877 '-
1079 3833 1107 3892 Μ
1125 3857 1162 3893 m.

121 3925 194 3980 red“
212 3937 262 3987 cet.
710 3929 749 3983 1.:
769 3923 899 4003 exemplo.
918 3944 953 3983 m.
966 3927 1004 3982 3.:
1017 3922 1161 3998 extemplo.

76 4013 103 4070 5.
122 4031 213 4090 quam
232 4014 382 4088 placatam
403 4015 574 4072 reconcilia·
709 4043 742 4054 —
761 4009 822 4068 PM:
840 4013 984 4070 arcessiti.

102 4119 131 4164 r.
146 4118 197 4164 rrvr
212 4134 262 4178 pra
275 4120 293 4162 r.
920 4101 961 4166 15
