2838 4822
253 289 326 364 ιι...
579 318 586 345 ι
716 299 826 364 amu
843 299 863 360 ι.
956 292 962 330 ι

254 464 412 553 utrinque
435 459 565 545 stabant,
594 483 668 530 emn
690 463 798 552 paucis
825 484 994 554 procerum
1015 460 1047 528 in
1073 457 1213 529 medium
1241 460 1349 530 duces

254 567 419 658 prodeunt.
441 565 483 640 ibi
503 564 572 632 infir
591 565 747 644 Albanus:
768 565 920 650 „iuturus
940 576 974 634 et
994 587 1059 650 nqn
1080 563 1216 651 reddius
1231 587 1285 632 res
1303 589 1347 632 ex

255 671 383 739 foedere
405 693 485 762 quae
512 669 664 760 repetitae
688 670 759 752 sint,
781 682 813 738 et
831 694 891 762 ega
909 693 1018 760 regem
1032 679 1176 738 nostrum
1190 667 1348 736 Cluilium

257 763 383 842 eausam
411 772 543 842 huiusce
572 783 641 840 esse
669 773 744 853 belli
771 774 895 858 audisse
916 773 1045 856 ¹videor,
1063 795 1133 838 ·uec
1160 782 1193 838 te
1221 772 1348 856 dubito,

224 879 355 977 fiTufle‚
377 878 490 944 eadem
510 901 586 966 prae
608 888 639 945 te
662 877 752 944 ferre.
781 879 839 946 sed
859 879 887 946 si
907 903 981 951 vera
1002 875 1108 970 potius
1130 899 1238 994 quam·
1255 877 1346 944 dictu

252 983 395 1076 speciosa
417 981 550 1048 dicenda
572 993 654 1066 sunt,
674 982 814 1072 cupide
805 982 927 1074 imperii
947 983 1027 1049 duas
1043 991 1194 1071 cognatos
1209 979 1346 1052 viciuos·

252 1112 314 1178 que
337 1084 474 1176 populos
501 1085 542 1151 ad
569 1110 654 1160 anua
682 1085 831 1156 stirmdat.
857 1109 962 1176 neque
989 1097 1075 1156 recte
1105 1109 1147 1154 au
1173 1108 1344 1188 perperam

250 1191 453 1294 interpretor·
475 1188 600 1256 fuerit
589 1202 650 1258 rsta
672 1191 739 1260 eius
762 1177 944 1272 deliberatio
973 1189 1027 1282 qui
1049 1189 1170 1259 bellum
1191 1189 1343 1280 suscepit

252 1317 305 1360 me
332 1291 451 1360 Albani
473 1296 610 1382 gerendo
637 1294 722 1362 bello
750 1295 865 1364 ducem
891 1318 1054 1364 creavere.
1074 1292 1153 1360 illud
1174 1305 1215 1378 te,
1236 1295 1343 1376 Tulle,

186 1412 242 1472 f10
253 1398 410 1464 monitum
430 1397 542 1464 velim:
564 1386 697 1466 Etrusca
717 1423 770 1468 res
792 1411 908 1490 quanta
922 1400 1004 1472 circa
1018 1421 1077 1466 nos
1090 1408 1188 1490 teque
1201 1398 1342 1466 maxime

142 1499 144 1504 ’
253 1501 303 1583 sit·
309 1524 388 1598 quo
410 1499 566 1623 propior
554 1528 588 1572 es
604 1505 727 1592 Tuscis,
748 1503 811 1574 hoe
825 1504 929 1596 magis
940 1504 1012 1572 scis.
1034 1503 1171 1580 multum
1186 1500 1232 1568 illi
1248 1511 1341 1584 terra,

162 1663 166 1670 ,
198 1641 199 1648 1
251 1605 422 1696 plurimum
444 1607 522 1676 mari
549 1608 682 1698 pollent.
704 1621 918 1678 memoresto
945 1609 1009 1677 iam
1030 1631 1104 1676 eum
1131 1604 1256 1696 signmn
1283 1631 1340 1696 pu·

165 1751 166 1758 1
250 1703 448 1800 gnae'dabiq
469 1711 528 1778 has
550 1713 628 1790 duas
650 1710 734 1783 acies
756 1713 939 1804 spectaculo
961 1713 1039 1794 fore,
1060 1701 1097 1778 ut'
1117 1710 1219 1778 fessas
1232 1712 1340 1780 conie-

250 1825 381 1904 ctosque
409 1815 504 1901 simui
530 1815 684 1882 victorem
712 1799 751 1884 ae
777 1815 897 1882 victum
923 1815 1152 1906 adgrediuntur.
1178 1815 1285 1904 itaque
1314 1815 1340 1884 si

205 1932 238 1991 15
249 1940 309 1984 uos
332 1917 500 1998 diamant,
522 1919 672 2012 quoniam
693 1942 759 1984 nun
781 1920 920 2001 contenti
945 1920 1089 1986 libertate
1112 1931 1197 1986 certa
1223 1917 1256 1986 in
1284 1921 1338 1986 du-

250 2022 337 2088 biam
357 2019 480 2110 imperii
501 2020 680 2112 servitiique
703 2021 806 2088 aleam
820 2021 911 2104 imus,
931 2023 1074 2090 ineamus
1095 2021 1233 2114 aliquam
1255 2023 1339 2090 viam

251 2151 316 2218 qua
336 2123 398 2190 utri
418 2123 685 2214 utrisimperent,
712 2124 779 2194 sine
807 2149 920 2216 magna
942 2126 1031 2196 clade
1058 2127 1126 2198 sine
1147 2129 1247 2196 multo
1270 2151 1338 2196 san-

251 2229 344 2320 guine
365 2226 528 2316 utriusque
550 2228 661 2323 populi
689 2229 815 2296 decemi
841 2230 975 2321 possit“
1002 2231 1088 2298 haud
1117 2231 1261 2322 displicet
1286 2257 1337 2300 res

250 2333 356 2416 Tullo,
378 2333 668 2422 quamquam'eum
689 2333 796 2400 indole
819 2334 913 2406 animi
934 2346 1003 2402 tum
1018 2341 1076 2428 sp‘e
1090 2336 1238 2404 victoriae
1258 2337 1337 2404 iero·

202 2437 318 2513 *tucior
340 2448 415 2504 erat.
439 2433 661 2527 quaerentibus
682 2437 840 2528 utrimque
863 2438 941 2506 ratio
963 2437 1065 2524 initur,
1087 2439 1138 2508 cui
1160 2452 1192 2510 et
1213 2442 1336 2510 fortrma

126 2575 132 2582 ·
250 2542 319 2634 ipsa
340 2541 485 2632 praebuit
505 2542 679 2610 materiam.

221 2691 225 2699 ι
337 2645 454 2714 XXIV.
476 2645 571 2712 Forte
591 2645 624 2712 in
646 2646 770 2714 duabus
784 2658 854 2714 tum
869 2647 1058 2716 exercitibus
1079 2660 1168 2716 erant
1184 2649 1335 2740 trigemini

248 2753 360 2820 fratres
381 2774 441 2818 nec
462 2760 564 2819 aetate
586 2773 646 2818 nee
673 2751 791 2819 uiribus
818 2751 967 2842 dispares.
994 2753 1142 2820 Horatios
1171 2753 1335 2822 Curiatios-

249 2882 312 2946 que
334 2855 430 2924 ruisse
453 2853 526 2922 satis
550 2866 681 2936 constat,
703 2878 764 2922 nec
786 2855 886 2922 ferme
908 2880 959 2922 res
981 2857 1107 2946 antiqua
1130 2857 1189 2925 alia
1212 2871 1261 2926 est
1280 2883 1335 2926 no-

203 2961 355 3047 rutilior:
376 2946 483 3026 tamen
504 2959 537 3024 in
558 2981 593 3026 re
614 2970 682 3036 tam
702 2957 786 3024 clara
807 2959 971 3028 nominum
992 2983 1079 3031 error
1100 2974 1216 3048 manet,
1236 2963 1335 3032 utrius

268 3172 292 3227 1.
311 3167 401 3224 duces
409 3167 570 3244 prodeunt.-
564 3165 652 3224 ·Leid.
659 3187 676 3225 1.
683 3165 756 3242 Lips.
892 3191 949 3246 quo
964 3173 1134 3250 propiores
1151 3173 1333 3232 Etruscis.-

308 3255 420 3314 Haverc.
433 3258 444 3328 ]
463 3253 543 3312 duces
554 3255 709 3332 procedunt
722 3285 757 3297 -
889 3255 1009 3327 [Eodem
1032 3257 1128 3314 mendo
1147 3263 1275 3340 seriptum
1292 3270 1334 3316 est

307 3331 347 3401 lii:
376 3345 467 3401 duces
485 3343 634 3418 prodeunt
654 3359 756 3416 proce·
887 3345 913 3410 2,
930 3345 973 3402 33.
991 3346 1019 3400 in
1037 3345 1111 3406 Harl.
1123 3365 1151 3406 ιι.
1168 3357 1267 3404 tuscos
1283 3367 1332 3424 pro
1360 3400 1367 3415 ,

269 3433 391 3490 dunt.
372 3431 473 3504 t[ef.
480 3433 504 3497 1,
523 3431 566 3487 25
583 3427 756 3506 quaeadm]
888 3431 1331 3503 uulscor.cf.2‚9:„Porrenna..

264 3519 291 3576 3.
310 3519 462 3576 Cluilium:
474 3517 509 3576 M.
523 3550 556 3558 -
558 3509 602 3572 P:
616 3511 755 3574 ciuilium.
887 3515 1032 3577 Etruscae
1057 3523 1143 3596 gentis
1170 3541 1257 3593 regem
1280 3541 1332 3576 am·
1355 3511 1359 3516 ⁵

265 3605 291 3661 9.
310 3604 393 3662 illud.
410 3635 445 3646 —
463 3605 484 3660 P
502 3626 536 3662 m.
557 3606 580 3662 1.
599 3603 674 3664 illut.
686 3601 756 3660 -dl
886 3603 960 3682 plum
981 3609 1085 3664 Turris
1104 3611 1203 3662 ratus.“
1219 3604 1250 3661 Τ.
1272 3605 1332 3662 Livi

308 3709 343 3748 tn„
363 3693 387 3749 1.
404 3689 440 3746 P:
458 3689 564 3750 sellim.
711 3709 713 3714 ’
886 3689 932 3750 lib.
951 3692 1037 3750 XXX.
1056 3714 1083 3768 p.
1101 3687 1207 3748 LXVII.
1224 3691 1266 3763 5.]

210 3829 217 3840 ,
250 3777 290 3837 11.
310 3798 368 3854 quo
384 3777 505 3861 propior
527 3797 559 3832 es
579 3778 698 3837 Tuscia:
723 3791 755 3832 ex
827 3779 868 3837 15.
887 3779 934 3834 di:
952 3775 1002 3848 Μ]
1021 3777 1068 3834 dii.

308 3865 377 3922 coni.
395 3883 430 3922 m.
439 3865 451 3936 ]
470 3873 523 3942 qu'o
539 3861 754 3942 propioresVe·
825 3895 860 3909 --
887 3865 1034 3942 quoniam.
1052 3893 1086 3906 -
1104 3861 1167 3919 PM:
1186 3856 1239 3942 qm.

306 3953 349 4011 iis.
376 3983 411 3996 -
437 3949 500 4008 PM':
532 3969 590 4025 quo
617 3951 774 4024 proprior·
824 3955 867 4044 23.
885 3949 1330 4014 Horatios..Horatii:Pdl:sed

184 4065 186 4072 ·
308 4036 661 4114 uulscis.Harl.1.:quo
686 4058 754 4112 pro·
848 4030 965 4118 paulo
983 4048 1046 4115 post
1063 4057 1167 4113 semper
1190 4041 1245 4098 sere
1267 4047 1330 4102 scri·

243 4135 246 4144 ⁴
305 4129 411 4201 pieres
422 4125 539 4184 aulacis.
550 4119 625 4201 Lips.
631 4123 703 4184 Harl
714 4139 755 4186 ιι..
886 4133 961 4202 ptum
979 4133 1021 4182 est
1039 4123 1159 4194 Oratim
1176 4129 1204 4184 iu
1222 4127 1277 4187 PM.
1352 4179 1356 4185 .
