2838 4822
255 287 298 356 34
527 322 530 330 r
660 309 663 318 '
727 293 874 357 uuest

191 445 193 452 ’
255 483 387 535 manum
414 458 460 528 sic
487 456 578 532 ferito
606 467 644 528 ut
669 479 730 548 ego
756 455 843 528 irun'e
869 476 1002 548 peretur
1029 455 1081 526 hic
1107 453 1204 526 iro&
1230 454 1404 542 ferinus,¹

256 577 409 656 tantoque
436 563 534 654 magis
563 561 656 630 ferito
688 573 807 658 quanto
834 561 934 652 magis
953 571 1074 652 ‚potes
1088 560 1302 652 pellesque.“
1336 563 1369 632 id

257 671 312 740 ubi
329 669 424 754 dixit,
444 691 582 760 porcum
608 689 688 738 saxo
715 667 802 737 silice
828 666 993 758 perwssit.
1022 689 1080 734 ιιι
1105 667 1184 736 item
1211 667 1368 738 carmina

256 775 371 845 Albani
389 795 550 862 suumque
572 772 788 842 iusiurandum
808 795 867 864 per
887 793 982 898 sturm
1001 770 1189 888 dictatorern
1209 791 1368 864 nrtrsque

228 880 436 950 tsacerdetes
458 887 657 969 peregerunt.
719 895 723 904 '

326 979 448 1058 XXV.
469 981 645 1057 Fetere
636 992 713 1052 reto·
722 979 879 1072 nigemhri
893 980 977 1050 sieut
989 989 1295 1052 marmoratum
1313 1004 1365 1050 ca

253 1088 357 1180 pient
378 1109 457 1156 curn
476 1087 529 1157 sui
550 1097 704 1182 utrosque
718 1084 976 1171 adhortarentur,
985 1085 1070 1156 deos
1083 1083 1203 1178 patries
1216 1087 1364 1178 patriam

175 1267 178 1276 ,
256 1217 294 1263 ae
315 1189 790 1289 percutessquittquideivirun
810 1189 899 1258 domi
920 1191 1104 1284 quidquid
1092 1214 1129 1259 nr
1147 1191 1295 1260 exercitu
1311 1193 1363 1275 sit,
1403 1251 1404 1254 ,

255 1296 389 1366 illorum.
404 1301 480 1366 tunc
502 1319 590 1366 arma
610 1295 739 1366 itlounn
759 1295 874 1366 intueri
894 1303 1018 1380 nunus,
1039 1296 1164 1364 fauces
1184 1306 1219 1364 et
1237 1307 1362 1388 suopte

209 1413 244 1468 1⁰
256 1400 386 1489 ingenie*
403 1411 437 1472 ei
456 1401 543 1490 pleni
556 1399 800 1470 :adhortantium
818 1400 953 1470 vocibus
974 1400 1007 1466 in
1022 1398 1164 1468 medium
1177 1400 1361 1470 interdura
1403 1427 1404 1474 t

257 1505 349 1576 acies
362 1506 557 1596 procedunt
570 1505 782 1575 consederant
801 1505 962 1598 utrimque
982 1527 1043 1596 pro
1057 1505 1169 1573 castris
1181 1505 1246 1574 duo
1266 1529 1359 1574 exer-

255 1609 335 1678 citus
355 1609 607 1702 periculi-magis
630 1609 804 1701 praesentis
825 1633 924 1702 quam
938 1633 1035 1680 cume
1049 1621 1213 1702 expertest
1233 1610 1359 1703 quippe

253 1713 420 1808 imperium
442 1715 594 1808 agebatur
614 1715 647 1784 in
667 1725 736 1785 tarn
756 1721 935 1806 paucerum
952 1715 1074 1786 uirtute
1102 1725 1199 1806 atque
1226 1715 1357 1785 fortuna

252 1820 408 1908 positum:
429 1820 537 1910 itaque
560 1843 636 1909 erge
660 1820 988 1910 erecti.suspeusique
1016 1818 1054 1886 in'
1070 1819 1201 1888 minime
1228 1831 1356 1910 gratum

157 1909 159 1932 '
208 1933 241 1988 15
253 1921 476 2013 spectacuirnn
501 1923 607 1990 aruino
635 1922 850 1992 intenduntur.
882 1923 975 1992 datur
1003 1922 1131 2014 signum
1166 1924 1356 2015 infestisque

254 2025 350 2094 armis
372 2025 462 2111 velut
483 2025 567 2094 acies
589 2025 673 2096 terni
690 2027 822 2096 iuvenes
848 2049 1037 2118 magnorum
1064 2029 1261 2098 exercituum
1290 2029 1355 2096 aui·

254 2141 325 2199 mos
347 2125 493 2222 gerentes
516 2142 718 2212 concurrunt
740 2153 801 2198 nec
822 2128 872 2197 his
893 2153 954 2198 nec
973 2131 1037 2200 illis
1056 2133 1234 2223 periculum
1246 2156 1354 2214 suurrr,

254 2235 419 2327 publicum
446 2234 615 2325 imperium
643 2236 871 2326 seruatumque
898 2235 1085 2304 obversatur
1106 2239 1212 2306 anime
1233 2239 1353 2311 {utina-
1403 2267 1404 2336 j

254 2363 318 2430 quc
340 2363 380 2409 ea
399 2339 656 2430 deindepatriac
678 2341 804 2421 fortuna
827 2363 924 2431 quam
938 2341 998 2432 ipsi
1012 2341 1171 2411 fecissent*
1192 2355 1229 2412 ut
1246 2345 1352 2434 primo

206 2453 243 2510 20
254 2444 368 2512 statim'
383 2467 541 2512 concursu
561 2443 748 2536 increpuere
771 2468 858 2512 arma
879 2446 1098 2538 mirantesque
1117 2447 1234 2516 fulsere
1248 2449 1351 2539 gladii,

254 2548 367 2616 honae
386 2548 498 2640 ingens
518 2549 691 2638 spectantis
713 2549 903 2642 perstringit,
930 2561 965 2620 et
984 2563 1098 2620 neutro
1118 2551 1264 2622 inclinata
1289 2579 1350 2645 spe

253 2653 401 2744 torpebat
422 2675 486 2722 vox
508 2654 709 2746 spiritusque.
732 2656 886 2724 cirnsertis
908 2655 1022 2724 deinde
1037 2657 1183 2726 manibus
1197 2659 1350 2726 cuniam

252 2783 316 2826 non
343 2770 453 2828 metus
479 2757 605 2828 tantum
633 2783 805 2850 corporum
838 2759 1030 2850 agitatioque
1063 2785 1181 2853 anceps
1210 2763 1349 2834 te'lor'em

253 2887 479 2953 annorumque
501 2866 559 2932 sed
580 2865 711 2932 vulnera
734 2885 867 2954 quoque
887 2877 927 2952 ⁸et
947 2865 1075 2956 sanguis
1095 2868 1278 2957 spectaculo
1300 2894 1347 2936 es-

205 2973 241 3028 25
253 2976 333 3049 sent,
355 2967 420 3032 duo
442 2967 578 3034 Romani
599 2989 696 3057 super
718 2967 815 3034 aliurn
835 2969 917 3035 alius
938 2969 1108 3038 vulnuatis
1134 2973 1234 3041 tribus
1255 2973 1347 3057 Alba-

252 3068 302 3135 nis
328 3069 508 3158 expirantes
534 3085 729 3141 corruerunt.
758 3074 798 3140 nd
826 3085 964 3164 qrronnn
992 3099 1104 3142 casum
1130 3095 1205 3144 eum
1227 3079 1347 3146 concla-

252 3183 373 3241 masset
404 3172 519 3263 gaudio
551 3172 693 3244 Albanus
728 3180 898 3262 exercitus,
931 3179 1091 3247 Romanas
1118 3181 1259 3273 legiones
1283 3185 1347 3250 iarn

250 3301 326 3368 spes
348 3289 429 3363 tota,
456 3278 600 3348 nondtun
625 3291 734 3349 tamen
762 3307 837 3350 cura
865 3283 1059 3369 deseruerat,
1085 3288 1250 3356 exanimes
1276 3289 1345 3356 vice

250 3381 352 3468 unius,
380 3406 479 3474 quern
507 3395 572 3452 tres
601 3382 729 3478 Curiatii
756 3388 1038 3460 circumsteterant.
1066 3391 1148 3460 ferte
1175 3389 1202 3460 is
1228 3393 1346 3483 integer

196 3487 239 3546 ’30
251 3484 317 3569 fuit,
338 3499 376 3555 ut
396 3488 551 3619 universis
572 3489 661 3558 selus
683 3516 887 3584 nequaquam
906 3517 965 3585 par
979 3495 1026 3562 sic
1041 3497 1192 3566 adversus
1206 3496 1343 3586 singulos
1375 3519 1382 3526 ·

289 3717 362 3782 pre
375 3703 694 3790 illescriptumestr'llo.
713 3708 764 3780 [cf.
895 3719 982 3769 recte.
1000 3711 1099 3766 animo
1117 3706 1316 3772 incenduniur.

314 3789 442 3858 Varroti,
461 3792 505 3862 46
521 3793 581 3852 Aul.
600 3793 668 3853 Gen.
686 3793 762 3864 5,.19
833 3799 877 3858 21.
895 3799 1070 3874 spectantis:
1063 3795 1155 3854 ·.Mm
1168 3798 1192 3854 1.
1200 3799 1340 3910 Jspectan·

310 3875 407 3934 Festus
424 3877 472 3936 lib.
490 3836 541 3936 X.:
558 3881 716 3956 lapidem]
894 3893 944 3942 tes
1023 3921 1028 3930 ·

266 3966 293 4022 8.
310 3965 476 4042 quidquid:
494 3962 539 4036 Ρ]
557 3967 692 4046 quicquid
832 3972 876 4030 22
895 3970 1137 4066 spiritusquess-
1104 3971 1220 4030 PM.
1237 3994 1337 4050 speque

251 4051 292 4112 15.
311 4055 409 4110 animo
427 4053 635 4110 intenduntur:
653 4055 753 4113 Harii
744 4075 761 4114 ι.
832 4059 875 4114 26.
893 4077 960 4112 cum
977 4057 1205 4124 conclamasset:
1223 4059 1277 4117 PM

311 4129 470 4196 -Pt100t
482 4137 567 4196 Rhea.
582 4139 759 4200 haudscioan
829 4143 873 4199 2&
891 4145 1139 4219 vicennius:PM]
1156 4149 1241 4205 ricem
1255 4148 1334 4206 unius.
1402 4201 1404 4210 A
