2750 4720
235 277 299 346 572
682 289 789 350 tutu
807 289 838 350 V.

236 464 303 522 met
324 453 465 544 ipsorum
483 415 660 522 ‘eorumne
683 453 715 520 in
737 452 829 521 turba
851 452 1076 546 inpedientium
1092 453 1224 546 iugem.
1269 457 1349 526 cirea

56 571 59 604 ²
164 641 168 648 ι
236 558 336 650 ripam
352 557 476 662 'tiberis
498 582 563 650 quo
587 558 679 626 urnis
702 556 957 636 abiectistotum
972 558 1134 628 sinistrum
1158 584 1278 628 cornu
1303 563 1348 628 de

234 663 330 754 fugit,
356 688 470 754 niagnn
498 661 617 754 strages
646 662 728 730 taen
758 673 821 746 est,
852 661 1035 754 multosque
1062 663 1228 756 inperitos
1253 667 1347 734 nuntii

237 778 293 835 aut
312 767 466 836 invalidos
487 791 599 860 graves
621 765 726 834 loricis
748 765 879 858 aliisque
900 766 1090 860 tegminibus
1104 767 1257 837 hausere
1283 795 1344 860 gnr-

207 873 342 964 5gites.*
364 873 502 940 maxima
523 884 632 942 temen
654 893 726 962 pars
754 870 920 940 incolumis
944 873 1041 942 Veios
1065 873 1227 964 perfugit,
1265 876 1343 942 unde

237 1001 302 1045 non
324 977 423 1045 modo
450 977 596 1069 praesidii
624 975 796 1068 quicquum
817 978 875 1045 sed
900 1001 941 1045 ne
962 976 1091 1044 nuntius
1119 977 1267 1068 quidem
1292 980 1343 1046 cia·

236 1081 284 1148 dis
299 1081 435 1150 Romam
457 1092 507 1150 est
528 1081 652 1148 missus.
690 1081 731 1148 ab
753 1081 866 1150 dextm
889 1104 989 1149 corun
1004 1081 1091 1172 quod
1105 1082 1230 1173 procul
1258 1109 1280 1150 a
1296 1085 1341 1150 tu·

236 1185 321 1253 mine
342 1196 376 1254 et
397 1185 496 1276 magis
518 1184 577 1252 sub
606 1194 716 1252 monte
738 1195 883 1268 steterat,
911 1185 1047 1254 Romam
1077 1209 1196 1254 omnes
1221 1189 1342 1278 petiere

237 1300 271 1358 et
290 1314 332 1358 ne
354 1289 467 1357 clausis
490 1288 619 1380 quidem
641 1288 740 1380 portis
761 1289 848 1356 urbis
870 1289 903 1356 in
925 1313 1031 1362 urcem
1053 1291 1292 1381 confugerunt

191 1409 226 1465 1⁰
324 1392 472 1460 XXXIX.
518 1391 637 1460 Gallos·
661 1416 791 1484 quoque
818 1395 908 1462 velut
936 1394 1177 1486 obstupefactos
1207 1397 1340 1464 miracu

236 1497 304 1564 ium
325 1495 474 1565 victoriae
501 1507 568 1564 tum
593 1496 780 1586 repentinae
802 1499 913 1566 tenuit.
946 1510 980 1567 et
1007 1499 1066 1590 ipsi
1093 1523 1222 1592 pavore
1251 1501 1359 1572 defixi,

236 1601 374 1694 primum
396 1608 551 1672 steterunt
571 1599 661 1668 velut
688 1601 786 1692 ignari
813 1601 889 1692 quid
917 1603 1096 1688 accidisset,
1129 1605 1256 1674 deinde
1279 1585 1359 1673 insi·¹

176 1771 184 1780 .
239 1707 306 1774 diss
328 1707 429 1777 vereri
436 1758 445 1790 ,
472 1716 638 1797 postremo
666 1729 833 1776 caesorum
854 1706 956 1797 spolia
979 1707 1085 1798 legere
1108 1733 1339 1806 armommque

238 1813 384 1881 cumulos
405 1822 443 1879 ut
463 1833 534 1878 mos
557 1810 603 1878 eis
625 1821 675 1878 est
692 1833 888 1880 coacervare.
924 1823 994 1880 tum
1017 1811 1147 1880 demum
1164 1827 1339 1906 postquem

193 1918 316 1985 15uihil
339 1939 476 2006 usquam
497 1913 613 1983 hostile
635 1915 837 1999 censebatur,
863 1917 948 1984 viam
969 1917 1100 2006 ingressi
1123 1917 1215 1986 haud
1241 1921 1338 1988 muln

239 2033 311 2090 ante
332 2021 408 2090 solis
431 2043 582 2088 occasum
603 2019 644 2086 ad
666 2019 778 2102 urbem
799 2020 936 2088 Romam
958 2021 1156 2112 perveniunt.
1187 2025 1249 2091 ubi
1272 2049 1338 2094 curn

237 2127 411 2216 praegressi
434 2123 556 2215 equites
571 2147 637 2191 uon
652 2134 760 2215 portas
776 2124 899 2192 clausas
921 2149 987 2198 uon
1002 2126 1175 2194 stationem
1193 2144 1259 2218 pro
1273 2155 1337 2222 por-

237 2231 276 2296 tis
299 2230 456 2298 excubare
479 2253 544 2296 non
566 2239 704 2296 annates
734 2252 805 2296 esse
832 2229 864 2296 in
893 2231 991 2296 muris
1016 2230 1232 2317 rettulissent,
1266 2233 1336 2300 aliut

236 2333 334 2424 priori
355 2331 456 2398 simile
483 2332 673 2398 miraculum
695 2355 751 2400 eos
779 2332 939 2417 uestinum,
972 2346 1168 2426 noctemque
1192 2341 1288 2406 veriti
1307 2351 1335 2406 et

191 2439 363 2528 toignotae
385 2435 481 2502 situm
502 2435 588 2502 urbis
609 2435 691 2504 inter
703 2437 842 2506 Romam
863 2439 968 2530 adque
982 2439 1139 2510 Anienem
1162 2445 1334 2512 consedere

240 2540 492 2634 exploratoribus
513 2540 617 2609 missis
640 2543 722 2609 eirca
736 2541 862 2611 moenia
880 2544 1021 2636 aliasque
1036 2557 1155 2635 portaS,
1178 2571 1334 2638 quaenam

236 2648 380 2717 hostibus
402 2647 434 2714 in
455 2645 577 2737 perdita
596 2644 639 2714 're
667 2645 797 2716 consiliu
812 2660 941 2718 essent.
977 2650 1128 2734 Romani,
1162 2676 1241 2720 cum
1265 2678 1359 2764 pars}

255 2852 281 2908 1.
300 2848 524 2936 inpedientium:
542 2844 577 2906 tt
597 2877 630 2888 -·
651 2844 690 2902 P:
708 2849 749 2903 iu·
881 2849 915 2908 cf.
934 2851 958 2914 1,
970 2851 1026 2908 53.:
1044 2849 1118 2917 „sub
1136 2836 1333 2910 romenr'moe·

169 2939 174 2948 ’
299 2935 490 3012 pendientinm.
880 2935 1333 3010 niabellurntransieretur‘tbssbs

254 3023 281 3079 3.
299 3041 411 3099 magna
436 3031 554 3099 strages
572 3021 663 3091 facta
689 3030 748 3078 est:
881 3025 931 3089 „in
944 3023 1027 3078 eciem
1040 3032 1143 3084 stare“.
1156 3027 1190 3086 el.
1204 3059 1237 3070 -
1248 3027 1290 3084 M:
1308 3039 1333 3086 et

296 3106 319 3162 P
337 3127 372 3164 m.
390 3109 415 3164 ὓ.
431 3107 458 3162 Μ
476 3127 510 3164 m.
529 3110 554 3163 2.
577 3116 608 3151 -ὲ-
629 3106 652 3161 P
669 3127 704 3164 m.
724 3110 748 3165 1.
880 3129 929 3164 uec
947 3108 1046 3166 clausis
1065 3113 1183 3189 quidem.

293 3193 321 3252 M
338 3215 373 3253 m.
394 3197 430 3254 t:
449 3212 556 3267 magnas
570 3202 672 3268 strages
685 3203 736 3274 cet.
819 3196 861 3255 16.
881 3197 930 3252 ubi
943 3216 1008 3254 cum
1017 3197 1194 3278 praegressi
1203 3207 1332 3278 equites:

252 3288 279 3341 b.
298 3283 376 3340 unde
402 3303 462 3338 icon
488 3278 580 3338 nzodo'
602 3281 749 3361 praesidii
878 3282 935 3340 PM.
954 3315 987 3328 -
1012 3283 1086 3344 Harl.
1103 3307 1136 3345 n:
1165 3289 1234 3357 „ubi
1257 3313 1330 3370 prae-

239 3373 243 3381 ’
299 3374 473 3448 quiequam:
492 3367 549 3428 PM.
879 3372 963 3445 gressi
991 3373 1116 3448 equites“
1143 3386 1195 3433 cet.
1222 3407 1260 3420 ·—
1291 3379 1329 3435 ii:

252 3461 279 3517 7.
299 3457 381 3534 qued
396 3459 503 3532 procul
524 3477 543 3511 a
553 3457 689 3529 flumine.
712 3485 747 3500 -
870 3460 1072 3538 ’rettulissent
1111 3459 1147 3516 P:
1177 3464 1330 3524 retulissent
1358 3501 1359 3508 κ

295 3544 331 3600 P:
360 3544 455 3620 „quod
478 3541 572 3620 procul
595 3541 746 3598 nilominis
878 3543 950 3604 aliut.
976 3567 1012 3604 m.
1030 3549 1069 3605 2:
1087 3547 1169 3608 eliud.
1358 3609 1359 3614 ,

295 3639 323 3685 et
334 3633 436 3704 magnis
449 3631 491 3686 sib
504 3640 595 3686 monte
607 3633 746 3688 steterat“.
816 3632 861 3690 20.
879 3634 956 3688 iuter
976 3634 1103 3690 Romam
1124 3637 1226 3712 adque
1243 3641 1328 3700 Aue·
1358 3653 1359 3708 ζ

296 3736 332 3776 m.
351 3718 390 3774 Ἅι
412 3719 502 3790 magis.
527 3748 560 3758 -
586 3715 627 3774 bl:
651 3715 746 3793 „quod
879 3739 945 3775 nem
961 3722 1137 3778 consedere:
1155 3722 1178 3778 P
1197 3745 1231 3783 m.
1252 3733 1277 3785 1.
1296 3760 1327 3773 -
1358 3725 1359 3738 ¹

293 3822 376 3881 proco
393 3805 397 3872 Ι
412 3801 459 3880 pul
482 3823 497 3858 a
515 3802 624 3860 flumine
648 3813 675 3860 et
692 3824 745 3859 ma·
878 3803 900 3859 P
918 3823 952 3863 m.
970 3809 1011 3865 u:
1030 3816 1116 3883 etque.
1137 3807 1178 3864 M:
1198 3813 1270 3872 inter
1286 3837 1326 3872 rn-

294 3893 335 3965 gis
354 3890 403 3946 tub
422 3897 527 3946 montes
540 3897 679 3949 steterat“.
694 3891 745 3969 ‘An
878 3896 1326 3969 memetqueenientemoonsedere.

296 3979 351 4034 snb
368 3986 481 4034 mentes
495 3979 625 4052 integrum
642 3981 678 4036 sit
696 3978 756 4042 du,
815 3979 858 4038 22.
877 3979 1005 4035 Enniani
1014 4000 1078 4037 cum
1088 4002 1162 4057 pars
1179 3990 1327 4048 maiorer:
1349 4018 1352 4036 =

225 4045 230 4058 ¹
294 4065 364 4130 bito,
397 4067 518 4139 quamvis
541 4064 627 4121 littere
660 4085 676 4121 s
702 4085 743 4120 se·
876 4067 1326 4154 acicueiospptissentquomro.

291 4169 375 4222 quens
384 4153 495 4208 verbum
506 4151 743 4223 incipencvideam.
875 4169 951 4208 mam
962 4165 1045 4212 nemo
1059 4177 1214 4236 superesse
1225 4183 1324 4238 quem·
