2802 4726
233 240 298 310 t58
504 193 506 201 ⁴
689 251 796 310 LIBER
813 251 859 310 1v.

234 419 368 486 deducta
395 415 486 484 novis
508 414 625 484 viribus
653 413 807 518 oppidum
834 413 1011 500 firmarunt,
1037 417 1172 486 tribunis
1193 420 1334 490 militurn

232 523 355 590 Romae
376 519 535 588 consulari
569 529 725 611 potestate
749 519 809 587 Cn.
831 518 989 596 Cornelio¹
1003 519 1106 590 Cosso
1134 522 1171 590 L.
1200 524 1332 594 Valerio

232 628 338 714 Potito
360 625 402 711 Q.
430 623 529 691 Fabio
542 623 710 726 'Vibulano
741 624 856 694 iterum
883 624 929 692 Μ.
956 625 1122 694 Postumio
1147 629 1331 720 Reg'llensi.

232 732 307 800 huie
328 730 450 798 bellum
472 729 621 798 adversus
641 728 772 821 Aequos
793 729 984 820 permissum
1006 744 1058 799 est
1077 757 1194 823 pravae
1214 735 1332 802 mentis

161 919 175 928 ³
202 835 368 918 5homini‚
396 857 493 925 quam
515 827 622 902 tamen
643 834 773 902 victoria
796 834 896 925 magis
919 859 1017 926 quam
1039 837 1161 906 bellum
1182 840 1332 907 ostendit

230 965 305 1008 nam
327 939 468 1008 exercitu
489 937 608 1031 inpigre
631 939 749 1030 scripto
777 940 939 1031 ductoque
968 943 1008 1009 sd
1030 943 1131 1012 Volas
1159 967 1234 1010 cum
1254 944 1331 1010 levi-

229 1045 289 1112 bus
311 1044 438 1136 proeliis
460 1042 646 1134 Aequorum
666 1044 789 1112 animos
811 1045 971 1136 fregisset,
999 1058 1164 1138 postremo
1186 1047 1219 1114 in
1240 1049 1331 1139 oppi-

228 1152 309 1218 dum
334 1148 460 1240 inrnpit
500 1149 612 1216 deinde
635 1151 676 1218 ab
702 1148 848 1219 hostibus
875 1150 909 1218 in
936 1151 1013 1219 civis
1042 1163 1204 1220 certamen
1225 1153 1331 1236 vertit,

149 1294 151 1302 s
230 1267 263 1325 et
285 1280 359 1325 eum
380 1256 462 1322 inter
483 1255 753 1345 oppugnationem
774 1257 926 1348 praedam
948 1254 1054 1324 militis
1077 1255 1146 1330 fore
1169 1256 1333 1346 edixisset,

182 1375 217 1429 10
228 1371 322 1452 capto
352 1359 471 1451 oppido
499 1359 597 1426 fidem
622 1361 767 1428 mutavit.
803 1385 875 1430 eam
900 1361 1000 1452 magis
1029 1357 1171 1428 adducor
1199 1373 1236 1427 ut
1262 1385 1333 1428 cre-

228 1466 302 1534 dam
322 1465 388 1534 irae
414 1487 545 1532 causam
566 1466 719 1534 exercitui
739 1466 851 1552 fuisse,
880 1491 977 1559 quam
1006 1465 1095 1555 quod
1115 1465 1149 1530 in
1169 1464 1248 1531 urbe
1270 1488 1332 1532 nu·
1390 1483 1391 1550 t

286 1679 395 1754 ceptis:
413 1676 477 1750 ΡΜ]
495 1676 572 1734 Bolis
590 1686 641 1738 eet.
652 1709 686 1721 -
698 1677 741 1736 ld:

290 1767 449 1843 coloniaque
461 1785 493 1822 eo
505 1763 628 1824 deducta.
648 1763 684 1822 P:
697 1785 742 1822 co-

288 1853 414 1928 loniaque
432 1873 464 1909 eo
483 1853 570 1913 dueta.

243 1943 269 2000 3.
288 1942 328 1999 M.
347 1941 500 2026 Poafpmio
518 1939 692 2018 Regillensi.
707 1970 741 1980 -

143 2021 146 2028 ’
285 2027 346 2085 PM:
364 2037 400 2086 ᾖ.
416 2039 436 2086 t.
448 2028 584 2104 postumio
596 2025 742 2101 regiliensi.

285 2147 320 2156 -
332 2109 459 2189 Sigonius
471 2154 489 2183 „
494 2113 523 2174 P.
536 2112 674 2170 Postumio
686 2111 739 2167 Re·

284 2201 411 2275 gillensi“
434 2201 528 2260 voluit.
556 2200 739 2278 Regillensis

283 2296 310 2342 et
321 2287 503 2364 Religionum
515 2287 596 2342 etiam
608 2289 634 2354 5,
654 2285 697 2342 16.
709 2292 737 2339 et

283 2376 311 2443 6,
328 2375 371 2431 m.
395 2375 425 2429 in
444 2379 511 2450 optt.
534 2369 621 2428 libris
634 2372 736 2450 reperi.

284 2471 337 2522 tur.
355 2491 390 2504 -
407 2458 443 2517 P:
461 2461 608 2536 permirum
626 2469 675 2518 eut.

239 2551 266 2609 6.
284 2549 399 2628 inpigre
411 2549 520 2623 scripio
538 2545 686 2623 dolioque
697 2547 741 2604 ad

177 2627 188 2644 '
286 2638 317 2697 V
317 2627 400 2694 olas:
417 2635 482 2708 ΡΜ]
502 2636 616 2713 impigre
636 2637 739 2713 scripto

286 2724 420 2801 ductoque
429 2721 564 2782 adBolas.
575 2720 739 2781 -tttm.1.:

286 2813 425 2889 ductaque.
438 2843 472 2856 -·
485 2810 521 2867 P:
534 2805 738 2889 proeliisequo·

282 2919 350 2957 rum.

240 2988 266 3042 7.
284 2986 315 3040 in
336 2985 476 3060 oppidum
498 2981 627 3057 inrupit.-
643 2982 679 3040 tt
702 3011 738 3026 -

282 3069 318 3126 P:
336 3073 365 3126 in
383 3070 513 3146 oppidum
530 3069 668 3144 inrumpit.

238 3159 265 3218 8.
284 3159 315 3215 in
332 3159 407 3226 ιίιιίθΙ
423 3163 572 3212 amantea
589 3155 692 3210 uenit:
709 3151 737 3210 Μ

279 3240 735 3317 'm.a.]incivn(P).-tnm.1.=

196 3369 199 3377 =
284 3338 316 3393 in
333 3334 427 3400 cinit,
445 3329 519 3408 quod
532 3330 627 3387 eodem
637 3326 736 3384 mendo

161 3457 164 3464 .
284 3443 335 3502 pro
363 3421 439 3478 cinis
464 3420 595 3497 seriptum
615 3425 659 3472 est
681 3436 735 3496 quo

280 3529 322 3568 ex.
341 3529 380 3586 gr.
399 3509 425 3578 4,
438 3509 482 3566 43.
500 3509 529 3563 in
541 3505 634 3563 eodem
646 3503 674 3562 Μ
685 3506 736 3560 tri·

253 3637 259 3646 -
283 3599 380 3655 dauid.
401 3615 452 3672 pro
476 3594 603 3651 tribunis
621 3612 680 3648 esse
696 3592 736 3648 vi·

284 3682 386 3740 demus.
415 3678 487 3738 Cum
508 3683 579 3738 enim
601 3680 738 3757 antiquior

282 3769 426 3827 accusativi
443 3767 513 3842 plur.
534 3768 620 3824 forma
643 3787 735 3824 earnm

251 3867 256 3876 '
284 3875 381 3915 vocum
398 3875 468 3933 quae
490 3857 519 3911 in
536 3856 615 3911 tertia
637 3854 733 3912 deelin.

874 1680 989 1756 ligentur
1013 1676 1059 1734 illa
1080 1675 1166 1734 forma
1187 1676 1217 1734 in
1234 1685 1330 1752 quarta

838 1763 840 1768 ’
875 1767 984 1836 decade,
994 1765 1068 1843 quod
1078 1764 1185 1841 quidem
1195 1762 1330 1820 exliamb.

874 1855 935 1914 cod.
949 1873 1110 1928 cognoscere
1121 1851 1193 1920 lieet,
1206 1859 1233 1906 et
1243 1847 1330 1905 multo

871 1946 961 1999 minus
978 1943 1007 1998 in
1020 1939 1099 1998 codd.
1111 1937 1155 1996 vel
1172 1937 1330 2014 antiquiori·

872 2028 923 2084 bus
933 2029 1012 2083 huius
1025 2029 1127 2103 primae
1140 2025 1250 2081 decadis
1262 2025 1330 2079 scri·

871 2123 918 2192 pta
931 2123 1049 2190 apparet.
1068 2133 1118 2168 nee
1130 2112 1160 2167 id
1168 2111 1230 2166 Livi
1240 2113 1331 2186 ipsius

871 2200 949 2276 eulpa
974 2199 1123 2257 consiliove
1145 2197 1332 2254 funtanense

868 2297 926 2344 tum
943 2305 1037 2344 onmes
1055 2287 1081 2343 ei
1092 2283 1146 2342 loei
1158 2284 1258 2340 docent
1270 2287 1331 2361 qui·

870 2373 922 2432 bus
935 2377 1016 2432 etiam
1028 2375 1162 2455 genitivus
1175 2374 1269 2428 tertiae
1281 2371 1331 2429 de-

872 2463 935 2522 elin.
958 2458 1057 2538 aliique
1081 2480 1158 2518 casus
1183 2462 1212 2516 in
1229 2462 1331 2538 quibus

873 2553 899 2608 s'a
918 2550 1012 2607 deesse
1030 2568 1086 2605 non
1102 2557 1223 2626 poterat,
1246 2567 1280 2606 ex
1301 2551 1330 2606 ir

872 2640 902 2694 in
920 2660 953 2696 es
970 2640 1066 2695 mutati
1083 2647 1160 2705 sunt,
1177 2645 1233 2692 tum
1252 2635 1331 2712 qnod

872 2728 954 2783 etiam
971 2729 1001 2783 in
1018 2725 1069 2782 hac
1080 2744 1097 2784 1.
1111 2723 1211 2781 decade
1222 2725 1330 2798 integra

873 2813 959 2872 formu
982 2815 1012 2868 in
1038 2833 1093 2869 nno
1121 2810 1237 2869 alterove
1264 2810 1328 2870 eod.

870 2910 976 2956 servata
994 2909 1044 2958 est.

826 2991 852 3044 9.
875 2995 905 3043 et
929 2989 996 3042 erem
1026 2988 1103 3042 inter
1132 2987 1328 3062 oppugnatio·

869 3091 952 3127 nem.-
969 3070 999 3130 P.
1023 3104 1057 3114 -
1084 3071 1125 3128 tt:
1148 3081 1175 3126 st
1193 3091 1256 3128 cum
1274 3073 1329 3128 iter

867 3159 1102 3236 oppugnationem.
1126 3189 1161 3198 -
1187 3155 1257 3216 Tan.
1273 3155 1327 3214 Fa-

868 3246 918 3302 ber
939 3265 1008 3302 num
1030 3265 1096 3302 enm
1118 3245 1202 3301 scribi
1223 3244 1326 3302 voluit:

866 3353 917 3389 nec
943 3342 1032 3390 tamen
1057 3342 1087 3391 et
1108 3335 1187 3410 psius
1213 3342 1269 3400 est,
1297 3343 1327 3389 et

868 3420 942 3496 quod
959 3442 1015 3477 non
1031 3421 1061 3477 id
1079 3441 1161 3478 unum
1172 3422 1249 3498 pravi
1266 3429 1325 3476 stu·

868 3507 908 3564 dii
925 3509 1054 3566 indicium
1077 3507 1248 3565 referendum
1264 3519 1326 3564 arat

868 3596 1007 3654 sedetiam
1019 3596 1080 3663 alia,
1098 3606 1126 3651 et
1143 3595 1215 3674 quod
1225 3593 1324 3654 Livius

867 3683 1006 3759 particulis
1019 3683 1178 3761 copulativis
1196 3703 1247 3760 pro
1260 3704 1322 3740 oan-

865 3768 967 3827 salibns
980 3781 1006 3826 et
1018 3771 1195 3827 adversativis
1208 3773 1322 3827 coniun-

868 3857 1002 3914 ctionibus
1019 3858 1086 3916 haut
1101 3878 1162 3916 raro
1175 3877 1238 3914 usus
1258 3868 1311 3916 est.

284 3949 310 4001 ie
328 3944 426 4000 habere
444 3940 574 4010 solebant,
592 3943 621 3998 in
633 3941 693 4002 Pnt.
707 3951 734 3999 et
805 3946 847 4004 10.
865 3965 930 4004 eam
948 3947 1044 4024 magia
1056 3947 1192 4002 adducor
1208 3954 1240 4001 nt
1257 3965 1321 4002 cre·

279 4031 404 4090 Laurish.
426 4029 509 4088 codd.
530 4028 733 4104 diligentissime

281 4127 436 4176 conservata
445 4121 491 4189 sit,
497 4116 582 4194 ¹pardo
592 4119 681 4174 minus
691 4117 731 4175 di·

864 4033 936 4088 elom
953 4035 1018 4091 irae
1035 4054 1157 4091 cansam
1174 4033 1324 4090 exercitui

857 4119 978 4192 suinae:
987 4119 1023 4181 Μ.
1033 4151 1067 4164 ·-
1080 4121 1103 4179 P
1114 4119 1187 4180 Heri.
1196 4139 1226 4178 1.:
1238 4121 1321 4180 iram.
