2832 4720
552 263 661 329 LIBER
678 267 723 326 Ill.
1130 259 1193 327 261

82 430 207 521 gidum
228 427 415 522 perveniunt
436 443 470 499 et
491 441 529 497 ut
549 453 676 497 sensere
704 453 737 496 se
766 432 828 514 iani
856 434 956 524 p'rope
984 434 1092 504 hostes
1115 459 1197 518 esse,

84 537 185 626 signa
200 535 411 605 'constituunt
547 597 550 608 ,
1074 581 1076 588 >

184 640 331 708 XXVIII.
375 641 422 706 Ibi
451 640 585 707 dictator
606 652 760 730 quantum
780 652 877 710 noete
905 643 1043 734 prospici
1070 655 1194 734 poterat
1295 628 1298 639 ¹

85 769 181 836 equo
204 746 433 812 circumvectus
462 741 759 835 contemplatusque
789 747 843 836 qui
872 757 990 814 tractus
1019 757 1193 814 castrorum

85 873 243 940 quaeque
264 849 365 916 forma
389 861 481 932 esset,
502 849 635 916 tribunis
657 848 792 918 militum
809 843 976 942 imperavit
996 863 1033 918 ut
1055 854 1192 920 sarcinas
1210 863 1230 921 5'

84 954 123 1020 in
148 978 250 1024 unum
272 952 352 1020 eoiei
373 951 515 1038 iubeant,
542 953 675 1021 militem
702 978 777 1021 eum
804 956 898 1024 armis
921 955 1071 1046 valloque
1093 958 1193 1023 redire

85 1058 125 1124 in
151 1057 279 1124 ordines
302 1079 387 1122 suos.
409 1057 493 1125 faeta
515 1082 598 1149 quae
619 1058 794 1149 Imperavit.
821 1070 891 1126 tum
913 1083 979 1150 quo
999 1061 1125 1146 fuerant
1146 1085 1193 1128 or-

86 1160 167 1228 dine
190 1161 222 1226 in
242 1160 293 1227 via
315 1163 489 1232 exereitum
511 1187 641 1231 omnem
662 1162 759 1254 longo
788 1165 911 1254 agmine
939 1165 1114 1232 circumdat
1137 1166 1193 1231 ho-

86 1265 192 1332 stium
213 1266 332 1350 eastris,
353 1276 385 1334 et
406 1268 462 1334 ubi
483 1262 610 1358 signum
631 1269 741 1336 datum
763 1269 803 1336 sit
818 1269 992 1342 clamorem
1007 1293 1119 1338 omnes
1133 1270 1192 1336 tol-

85 1371 158 1438 lere
181 1370 277 1454 inber,
299 1371 439 1440 clamore
460 1371 588 1441 sublato
611 1385 683 1440 ante
705 1397 741 1440 se
758 1387 919 1464 quemque
934 1376 1050 1442 ducere
1072 1375 1192 1442 fossam
1207 1389 1240 1443 10

87 1486 123 1542 et
145 1475 252 1543 faeere
274 1476 403 1544 vallum.
436 1477 522 1544 edito
543 1477 675 1568 imperio
699 1477 823 1566 signum
844 1489 991 1546 secutum
1013 1489 1071 1546 est.
1107 1479 1192 1544 iussa

86 1579 399 1670 miles'exsequitur.
438 1580 559 1647 clamor
579 1579 689 1646 hostes
711 1581 933 1648 circumsonat.
971 1594 1100 1671 superat
1120 1583 1193 1648 iudo

87 1695 196 1751 eastra
217 1683 359 1750 hostium
386 1695 419 1750 et
446 1683 479 1749 in
507 1696 609 1751 eastra
640 1683 778 1770 consulis
800 1685 900 1750 venit:
939 1685 1012 1750 alibi
1040 1709 1193 1774 pavorem

89 1787 166 1857 alibi
188 1787 337 1878 gaudium
358 1787 469 1878 ingens
490 1787 574 1855 lacit.
612 1787 748 1856 Romani
770 1787 895 1855 civilem
920 1809 991 1854 esse
1020 1786 1193 1854 clamorem

59 1905 190 1983 ,atque
213 1891 365 1960 auxilium
388 1891 498 1960 adesse
525 1894 606 1960 inter
632 1915 668 1959 se
695 1891 888 1982 gratulantes
911 1891 995 1958 ultro
1022 1915 1062 1958 ex
1088 1890 1239 1962 statio-15

89 1997 185 2064 uibus
208 2021 246 2064 ae
267 1995 368 2088 vigilis
388 1995 532 2064 territant
551 1998 688 2065 hostem.
718 1995 830 2063 consul
856 1996 1068 2066 differendum*
1085 2009 1192 2087 negat:

90 2102 147 2168 illo
176 2101 316 2168 elamor'e
342 2125 408 2168 non
441 2102 614 2168 adveutum
641 2101 739 2168 modo
773 2101 938 2191 significari
971 2101 1028 2167 sed
1055 2125 1126 2168 rem
1151 2101 1192 2168 ab

21 2195 38 2212 ”
91 2207 157 2274 suis
180 2217 343 2297 coeptam,
365 2205 545 2302 mirumque
567 2229 638 2274 esse
660 2207 693 2272 ni
715 2206 778 2272 iarn
801 2206 957 2274 exteriore
979 2217 1068 2298 parte
1091 2217 1191 2276 castra
1235 2271 1243 2287 ,

57 2351 65 2360 -
88 2311 232 2380 hostium
254 2311 485 2400 oppugnantur.
522 2311 631 2402 itaque
653 2335 740 2376 arma
767 2335 844 2379 suos
867 2335 981 2402 capere
1004 2320 1036 2377 et
1060 2333 1096 2377 se
1120 2311 1192 2377 sub-

91 2415 185 2505 sequi
204 2413 302 2482 iubet.
323 2425 419 2481 noete
440 2415 554 2481 initum
575 2416 731 2504 praelium
753 2427 811 2482 est.
833 2415 1009 2506 legionibus
1032 2414 1192 2482 dictatoris
1204 2431 1240 2486 to

93 2522 234 2588 elamore
255 2517 430 2608 significant
452 2518 491 2583 ab
520 2517 557 2584 e'a
585 2541 716 2608 quoque
743 2530 834 2608 parte
862 2543 932 2585 rem
955 2519 988 2585 in
1014 2517 1192 2584 discrimine

93 2649 175 2694 esse.
213 2622 277 2690 iam
298 2644 334 2688 se
356 2620 397 2686 ad
423 2620 619 2710 prohibenda
647 2622 832 2690 circumdari
854 2646 952 2712 opera
974 2620 1078 2722 Aequi
1104 2647 1191 2716 para-

97 2813 137 2869 ’9ζ
155 2801 533 2888 signaconstitrrunt;-l¹=
545 2825 607 2862 eon·
741 2826 822 2864 more
845 2804 1030 2883 iignificont:
1048 2805 1088 2878 P]
1112 2815 1192 2861 noete

89 2931 94 2942 ·
154 2899 261 2956 stitant.
279 2925 315 2940 -
340 2885 532 2952 Consiotunt?
558 2893 607 2950 sed
740 2895 836 2950 initum
859 2891 989 2969 praelium
1012 2903 1053 2948 est
1074 2913 1088 2947 a
1110 2892 1190 2966 legin·

127 3017 131 3028 «
155 2985 188 3044 el.
206 2988 239 3054 3‚·
251 2987 307 3043 55.:
326 2984 477 3038 restituunt.
617 2957 638 2986 ὀ
737 2981 826 3038 nibus.
844 2979 968 3044 dictatori
981 2979 1098 3038 elamore
1109 2981 1190 3055 sigui·

111 3078 137 3133 3.
153 3074 283 3150 prospici
306 3077 439 3148 poterat:
467 3066 490 3123 P
517 3085 553 3125 nr.
580 3069 606 3126 9.
739 3067 821 3124 licant
837 3067 874 3138 (I.
889 3065 936 3126 Fr.
954 3065 1189 3138 Gron.·).-Cod.

4 3159 11 3168 ’
153 3167 291 3237 poterant:
310 3169 349 3216 m·
363 3159 387 3214 lr
499 3187 502 3194 ·
700 3185 703 3192 .
738 3153 827 3214 Rhen.
845 3153 918 3212 Ilarl.
935 3173 952 3212 r.
970 3150 1046 3212 Leid'.
1062 3175 1094 3214 r.:
1112 3175 1133 3210 a
1150 3157 1189 3211 Ie·

68 3279 83 3318 q
116 3249 140 3305 6.
158 3247 244 3302 coici.-
261 3243 304 3314 Ρ]
322 3243 469 3300 eoniiei.·-
484 3239 560 3298 Laid.
573 3261 605 3299 r.:
732 3243 873 3320 giooibus
892 3242 1054 3302 dictatoris.
1067 3273 1101 3282 -
1119 3240 1190 3297 Cum

62 3344 64 3355 '
158 3332 298 3388 conici.'-
311 3327 354 3385 of.
372 3332 417 3395 3⁰,
428 3330 488 3385 aaz
505 3330 534 3383 in
547 3345 605 3382 son·
738 3329 903 3406 legionibus
915 3327 1063 3389 adinitrmr
1073 3335 1120 3383 eet
1129 3346 1189 3403 per·

156 3426 210 3472 tem
228 3416 303 3471 coici
312 3413 387 3482 (Pur.
396 3413 490 3471 Bamb.
502 3411 605 3482 Galo).
688 3437 693 3445 ’
736 3417 823 3478 tinere
834 3411 979 3480 videretur,
996 3411 1099 3476 librarii
1112 3432 1188 3492 prae·

155 3505 257 3562 conici:
274 3500 350 3578 Lips.
737 3502 901 3578 positionem
914 3498 1075 3576 addiderunt
1092 3519 1125 3556 ue
1144 3500 1188 3557 da·

90 3599 93 3608 ’
114 3596 136 3652 7.
150 3583 605 3669 profuerantordinerPIIarls.
740 3589 811 3644 tirus
836 3607 896 3643 eum
918 3581 1001 3644 verbo
1028 3589 1188 3662 coniungen-

154 3675 221 3736 Ireid
239 3698 256 3737 r.
512 3745 521 3756 ,
671 3687 676 3698 ·
737 3673 788 3730 dus
811 3683 894 3730 esset:
925 3691 978 3750 quo
1004 3694 1088 3751 pravo
1106 3677 1188 3731 corri-

101 3763 432 3838 llsatfacereuollum:
444 3761 525 3833 PJer
536 3761 604 3816 iace·
737 3760 816 3836 gendi
834 3760 923 3819 studio
947 3761 1059 3820 aliorum
1082 3774 1199 3840 quoque·

155 3851 298 3910 ravalium.
317 3853 454 3919 ef.1‚53.:
467 3846 606 3906 iaciendis.
671 3861 674 3868 '
737 3847 857 3905 locorum
875 3851 962 3906 oratio
974 3849 1116 3927 depravata
1129 3858 1178 3906 est.

102 3941 138 3998 16.
155 3939 272 4018 uigilia:
290 3939 331 4010 P]
348 3937 456 4012 vigiliis.
676 3937 921 3994 taatrcumrlari:
932 3934 1188 3995 eod.IIhen.llarl.r.

101 4029 139 4086 2⁰.
156 4035 239 4083 nocte
261 4027 363 4081 initum
384 4026 532 4099 proelium
554 4030 607 4080 est.
738 4021 815 4081 Laid.
828 4043 844 4096 r,
862 4053 897 4067 -
914 4023 950 4079 Il:
968 4021 1142 4080 circumdare.
1155 4053 1188 4063 -

156 4112 322 4192 legionibus
357 4111 510 4169 dictatoris
548 4109 606 4168 cla·
738 4107 783 4170 CI.
795 4112 839 4180 30,
852 4113 909 4170 39.:
928 4129 1009 4187 saepe
1027 4111 1135 4168 comitia
1149 4111 1188 4168 iu·
