2756 4720
254 283 321 353 500
726 275 884 354 turre

195 445 200 458 ⁸
260 459 428 528 mandasse
449 457 582 526 tribunis
604 466 638 526 et
657 445 839 526 menriniss'e
861 454 944 522 bane
964 453 1066 546 ipsam
1080 461 1310 544 potestatem
1331 475 1356 518 1:

263 565 295 632 in
317 565 430 632 umbra
451 587 512 631 nec
533 562 567 629 in
587 561 680 629 tectis
702 558 838 628 maiores
865 577 941 626 suos
969 581 1103 628 creasse.
1142 556 1242 625 baec
1267 556 1356 624 virtu

256 669 393 737 rnilitum
413 679 593 737 vestrorum
614 666 695 734 baec
716 665 863 732 Romano
891 663 1019 734 nonnae
1048 674 1125 730 sunt
1157 661 1289 752 digna,
1328 685 1356 728 n

256 773 356 842 Veios
377 783 502 840 tanturn
523 795 584 868 nec
605 771 668 838 hoe
696 770 818 838 bellum
844 768 957 836 intueri
979 768 1069 859 quod
1096 766 1219 850 instat,
1252 767 1327 834 sed
1354 791 1356 832 1

221 886 345 944 tunam
366 887 399 945 et
421 876 480 944 alia
502 875 586 943 bella
609 885 642 964 et
663 875 704 942 ad
727 885 851 942 eeteros
865 873 1004 974 populos
1019 871 1053 938 in
1073 881 1259 962 posterum
1283 895 1356 962 qua

257 1005 337 1050 rere.
374 1005 415 1048 au
442 979 602 1048 mentone
629 978 797 1048 discrimen
824 977 980 1068 opinionis
1008 985 1204 1044 secuturum
1234 1000 1282 1044 ex
1324 976 1356 1044 lr

257 1110 292 1152 re
314 1085 447 1176 putatis,
467 1095 573 1151 utrum
596 1083 725 1152 tandem
745 1083 879 1150 finitumi
900 1079 1056 1174 populum
1075 1081 1278 1157 Romanuun
1304 1105 1356 1149 eu

257 1213 331 1258 esse
354 1197 475 1280 putent,
498 1188 588 1256 cuius
609 1188 636 1254 si
657 1211 721 1278 qua
742 1186 818 1254 urbs
836 1187 974 1278 primurn
995 1183 1066 1252 illut
1082 1185 1275 1254 brevissimi
1294 1198 1356 1254 ter

133 1288 136 1301 ’
258 1292 344 1384 poris
366 1291 549 1360 sustinuerit
569 1293 740 1386 impetum,
767 1292 845 1358 nibil
873 1291 985 1358 deinde
1012 1289 1139 1358 timeat:
1180 1315 1228 1358 an
1257 1291 1356 1360 bier

210 1407 245 1464 1⁰
257 1407 358 1463 terror
379 1394 515 1464 nominis
536 1396 652 1480 nostri,
673 1408 710 1464 ut
731 1397 905 1465 exereitum
927 1397 1108 1464 Romanum
1129 1419 1204 1462 non
1227 1396 1356 1464 taedius

255 1499 447 1592 longinquae
470 1501 714 1593 oppugnationis
738 1525 808 1569 uon
835 1501 883 1570 vis
911 1500 1023 1568 hiemis
1051 1501 1091 1568 ab
1119 1500 1207 1568 urbe
1237 1501 1356 1568 cincun

257 1627 346 1673 sessa
373 1606 474 1673 semel
502 1630 651 1676 amovere
679 1606 781 1698 possit
802 1629 868 1674 nee
894 1605 993 1672 finem
1022 1605 1126 1672 ullum
1158 1606 1267 1674 alirnn
1295 1605 1356 1672 bel

257 1731 356 1802 quam
376 1691 543 1778 victoriam
565 1710 697 1796 noverit,
718 1735 779 1779 nee
800 1711 922 1802 impetu
935 1709 1041 1801 potins
1062 1709 1148 1777 bella
1171 1735 1279 1801 quarn
1302 1733 1356 1800 per

258 1815 435 1882 severantia
457 1825 559 1905 gerat,
574 1839 668 1906 „quae
690 1815 723 1882 in
745 1816 832 1883 omni
849 1813 984 1905 quidem
1005 1837 1120 1904 genere
1142 1815 1281 1884 militiae
1305 1839 1356 1880 ma

211 1928 244 1986 tt
256 1920 342 1986 xime
364 1930 472 1986 tamen
497 1918 531 1984 in
560 1919 740 1988 obsidendis
764 1919 898 1986 urbibus
924 1919 1113 1986 necessaria'
1131 1930 1201 2002 est,
1232 1941 1355 2010 quaruu

256 2023 425 2112 plerasque
445 2021 673 2110 munitionibus
697 2048 734 2091 ac
756 2021 890 2092 naturali
911 2023 973 2091 situ
993 2023 1266 2113 inexpugnabiles
1280 2025 1354 2091 fane

256 2125 370 2215 sitique
398 2137 526 2214 tempus
554 2125 660 2216 ipsum
687 2127 784 2196 vineit
812 2139 908 2218 atque
937 2137 1098 2219 expugnat
1126 2127 1174 2194 sie
1204 2142 1245 2211 ut
1269 2129 1349 2198 Veis

256 2227 457 2316 expugnabit,
479 2229 539 2293 nisi
562 2229 679 2311 surrilio
694 2230 839 2299 hostibus
849 2233 970 2300 ,tribuni
984 2230 1095 2322 plebis'
1109 2231 1235 2303 flrerint
1257 2234 1350 2304 etilo

257 2351 330 2396 mae
352 2329 527 2400 invenerint
547 2332 703 2421 praesidia
717 2334 868 2404 Veientes
891 2344 974 2428 qu'ae
995 2335 1195 2426 nequiquam
1217 2339 1253 2406 in
1272 2339 1356 2406 Etru-

207 2433 301 2500 aona
322 2435 506 2524 quaenunt?
544 2459 585 2502 an
608 2448 657 2516 est
681 2432 854 2532 quicquam
886 2441 975 2534 quod
995 2439 1185 2510 Veientibus
1216 2455 1352 2536 optatur

142 2677 150 2694 ⁴
273 2665 299 2720 4.
317 2663 375 2720 sai
384 2662 506 2736 sarnam
523 2675 553 2722 et
569 2667 633 2724 olio
649 2667 770 2728 bellaci
874 2687 878 2706 2
902 2668 1019 2730 verbalia
1037 2669 1352 2750 nonathuartaemorlo

316 2751 770 2828 adeeterospopuiosaPllarl.r.
900 2756 1052 2816 sedetiam
1078 2758 1214 2816 secundae
1241 2759 1352 2816 nentina

316 2834 422 2898 Letoa.
440 2837 490 2910 ab]
508 2839 557 2896 sed
575 2837 671 2898 famam
689 2852 717 2900 et
728 2829 768 2900 ‘ad
899 2847 983 2902 tionis
1006 2847 1136 2903 rationem
1158 2845 1294 2904 formasse
1314 2867 1354 2923 ap

317 2922 368 2979 alia
386 2923 455 2980 bella
475 2922 524 2984 bet.
537 2957 571 2968 -
583 2928 624 2986 tt:
641 2929 690 2984 sed
700 2927 769 2988 lama
900 2941 985 3008 paret.
1003 2931 1037 2992 ef.
1051 2938 1076 3002 1,
1088 2937 1127 2993 3.:
1144 2935 1194 3002 „in
1207 2937 1353 2990 traiecto“.

316 3017 344 3062 et
360 3008 411 3065 alia
430 3010 499 3066 bella
517 3013 597 3071 etad
614 3026 664 3074 eet.
856 3019 883 3078 9.
898 3039 940 3074 an
964 3019 1017 3076 tto
1038 3022 1081 3078 sit
1100 3029 1193 3076 terror
1216 3021 1354 3076 nominis

270 3095 297 3151 7.
306 3094 460 3168 finitumi:
477 3095 505 3153 ll
516 3116 551 3157 nr.
566 3102 591 3159 1.
603 3100 640 3172 P]
658 3102 768 3162 finitimi
898 3108 996 3162 nostri
1011 3115 1044 3162 ut
1064 3107 1222 3165 exereitum
1240 3113 1269 3165 i.
1295 3125 1351 3162 non

248 3229 251 3238 .
314 3179 357 3251 (ll
374 3201 410 3239 m.
434 3181 486 3252 2.).
513 3215 547 3228 -
575 3186 612 3242 P:
636 3183 769 3265 populum
898 3192 1046 3251 taedium:
1065 3191 1219 3255 Plu-tl:
1237 3195 1350 3252 eircum-

314 3287 543 3328 roruanummeurn
559 3277 591 3332 ὃὸ
602 3286 706 3352 putent.
724 3278 767 3336 ll:
901 3299 976 3336 sessa
994 3282 1074 3339 simul
1092 3301 1223 3341 amouere.
1319 3272 1323 3276 ⁵

313 3354 443 3431 populum
461 3365 572 3417 nomenti
589 3382 649 3419 esse
665 3375 768 3440 putent.
839 3367 887 3426 15.
903 3369 934 3423 in
946 3369 1118 3427 obsidendis
1131 3371 1272 3428 urbibus:
1284 3367 1306 3425 P
1318 3387 1346 3424 rn.

296 3439 384 3500 ‘Coei
402 3442 488 3504 Rhea.
504 3445 576 3506 Harl.
588 3467 621 3506 n:
637 3452 768 3529 populum
900 3455 927 3513 2.
944 3453 980 3514 Μ,
1002 3487 1037 3498 -
1047 3455 1087 3512 .P
1103 3454 1139 3515 m.
1164 3459 1201 3515 12:
1225 3455 1343 3514 obsiden-

275 3557 278 3565 ν
315 3545 456 3587 romanum
473 3553 534 3590 enm
552 3554 612 3592 esse
628 3547 731 3616 putent.
898 3541 955 3601 des.
973 3573 1008 3584 -
1027 3541 1093 3600 Pu:
1111 3543 1166 3598 nisi
1183 3542 1286 3602 auxilio
1304 3541 1344 3600 lo·

270 3611 766 3701 s.prsnumtrraa.·en.1.]pn-
895 3611 1222 3707 ssua0.tf.1tr.fuesar.

314 3715 388 3754 nrum
411 3701 494 3761 illum.
522 3737 556 3750 —
579 3709 607 3765 P
632 3729 667 3769 rn.
690 3715 715 3770 9.
737 3713 766 3772 llI
836 3717 879 3775 ta.
897 3736 975 3794 quas
991 3718 1172 3794 nequiquam
1189 3716 1221 3771 in
1235 3715 1341 3774 etruria

312 3782 387 3844 Harl.
405 3805 424 3845 r.
440 3785 517 3870 Leid.
533 3812 554 3852 r.
571 3793 652 3857 Voss.
670 3818 697 3858 rr.
715 3799 763 3858 al:
897 3813 1060 3880 quaerunt:
1076 3801 1112 3862 bl.
1125 3831 1159 3843 ·-
1172 3799 1207 3858 P:
1220 3822 1294 3880 quae
1304 3820 1341 3856 ue

311 3912 329 3941 ‚‚
337 3875 452 3950 priunum
461 3875 528 3934 illud
536 3881 688 3942 breuissimi
697 3897 763 3944 tem·
895 3893 1022 3967 quiquam
1032 3893 1062 3946 in
1074 3892 1189 3947 aetruria
1206 3895 1338 3967 quaerunt

311 3962 387 4033 poris
415 3966 573 4026 sustinuerit
601 3965 761 4048 inipetnm“.
895 4007 929 4018 -—
946 3977 1019 4038 llari
1035 3997 1054 4037 r.
1071 3976 1147 4036 neit.
1164 3995 1196 4035 n:
1220 3979 1250 4032 in
1276 3985 1338 4034 etru-

309 4045 390 4103 Multa
411 4052 533 4128 exempla
559 4062 675 4134 proponi
697 4079 760 4134 pos·
892 4067 994 4124 riam·

309 4142 371 4186 sunt
397 4136 494 4209 quibus
518 4141 624 4200 Livium
651 4149 759 4202 nomina
830 4150 873 4208 20.
892 4169 932 4206 an
948 4160 994 4210 est
1012 4139 1185 4228 quisquam:
1203 4147 1237 4208 ll.
1254 4179 1288 4191 -
1300 4143 1352 4223 ‘Pi‘
