2836 4720
267 339 329 410 162
727 351 834 412 uasa
857 350 890 413 ll.

263 551 307 565 -
321 515 431 584 nomii
446 481 577 608 proque
593 515 626 583 in
643 515 737 586 erinis
750 525 841 584 erant
854 553 896 565 —
907 513 1066 606 provincia
1083 511 1197 582 evenit
1220 537 1260 582 eo
1272 534 1359 584 anno

262 620 396 690 Hernici
412 620 536 706 devicti,
557 645 632 689 cum
654 619 782 687 Vulscis
804 629 907 710 aequo
924 607 1032 687 Marte
1054 618 1229 686 discessum
1251 631 1313 692 est.

294 775 296 782 ι
349 725 431 796 XLL
474 724 532 817 Sp.
555 725 683 794 Cassius
711 725 824 792 deinde
853 735 886 792 et
911 723 1065 792 Proculus
1088 722 1255 814 Verginius
1284 749 1375 792 con--

261 832 347 900 sules
375 831 459 900 lacti.
498 854 572 898 etun
592 829 736 898 Hernicis
762 828 875 896 foedus
902 829 1016 912 ictum,
1049 827 1113 920 agri
1139 839 1247 918 partes
1275 829 1357 897 duae

226 946 243 1001 5
262 939 440 1029 ademptae.
477 934 549 1004 inde
572 934 735 1002 dimidium
757 933 875 1018 latinis
904 933 1068 1000 dintidium
1093 931 1180 1024 plebi
1200 933 1356 1002 divisurm

251 1035 373 1112 ‘mmet
395 1040 523 1108 Cassius
545 1051 622 1108 erat.
649 1039 803 1108 adiciebat
823 1037 898 1105 huic
918 1037 1043 1106 muneri
1063 1027 1354 1129 agri'aliquentum,
1412 1031 1413 1038 '

261 1171 359 1240 quem
378 1143 543 1238 publicum
564 1143 717 1235 possideri
740 1169 758 1210 a
778 1142 907 1233 privatis
930 1141 1158 1230 crirninabatur.
1180 1141 1212 1208 id
1233 1127 1353 1210 multos

260 1252 391 1344 quidem
417 1251 544 1342 patrum
568 1250 657 1342 ipsos
681 1270 885 1340 possessores
911 1245 1054 1339 periculo
1083 1269 1191 1312 rerum
1225 1269 1353 1313 suarum

260 1357 407 1425 tenebat.
429 1355 487 1424 sed
507 1366 542 1423 et
562 1353 689 1448 puplica
710 1351 852 1445 patribus
866 1351 1046 1420 sollicitudo
1061 1349 1170 1433 inerat,
1191 1349 1355 1442 largitione

214 1465 249 1521 ¹⁰
260 1459 426 1528 consulem
448 1457 643 1549 periculosas
658 1457 794 1526 libertati
816 1481 895 1549 opes
909 1468 1041 1525 struere.
1061 1467 1132 1523 tum
1146 1455 1284 1545 primum
1300 1456 1355 1524 lex

188 1625 198 1652 Ι
260 1565 379 1658 agraria
393 1564 594 1656 promulgata
616 1574 667 1630 est
678 1583 855 1653 numquam
876 1561 991 1630 deiende
1010 1561 1053 1629 ad
1070 1559 1153 1628 banc
1167 1561 1354 1629 memoriam
1412 1581 1413 1586 ’

259 1671 326 1737 siae
347 1667 496 1736 maxinris
516 1667 656 1762 motibus
678 1689 786 1734 rerum
808 1667 931 1758 agitata.
964 1663 1077 1736 consul
1098 1665 1177 1733 alter
1197 1665 1354 1756 largitioni
1406 1607 1413 2060 p

257 1773 423 1842 resistebat
451 1772 631 1840 auctoribus
658 1771 800 1862 patribus
826 1793 886 1839 uec
914 1772 1003 1840 omni
1029 1769 1124 1864 plebe
1159 1771 1353 1853 adversante,

240 1911 243 1916 ·
258 1901 341 1968 quae
363 1876 466 1966 primo
489 1886 639 1966 coeperat
659 1876 798 1943 fastidire
813 1898 929 1943 munus
942 1873 1106 1966 vulgatum
1123 1899 1141 1942 a
1156 1874 1277 1944 civibus
1290 1878 1353 1945 isse

212 1987 245 2040 15
257 1981 289 2046 in
311 1979 430 2068 socios:
459 2002 555 2068 saepe
584 1980 697 2046 deinde
725 1992 758 2047 et
779 1981 963 2071 Verginium
990 1980 1156 2047 consulem
1180 1979 1213 2047 in
1235 1982 1351 2049 contio-

257 2082 349 2152 nibus
371 2081 460 2149 velut
480 2081 702 2150 vaticinantem
724 2085 880 2168 audiebat,
901 2084 1052 2176 pestilens
1074 2083 1215 2176 collegae
1237 2111 1351 2154 munus
1411 2065 1413 2184 ξ

257 2209 336 2269 esse,
359 2210 451 2274 agros
473 2187 546 2254 illos
566 2187 751 2260 servitutem
772 2187 810 2255 iis
832 2190 886 2280 qui
902 2189 1082 2280 acceperint
1101 2189 1230 2273 laturos,
1252 2214 1350 2280 regno
1410 2187 1413 2328 Ι

265 2397 270 2405 -
318 2359 770 2438 Pllr·lriiquoqne.-ll=prauin-
902 2361 951 2420 aed
961 2351 1111 2436 fastidire
1127 2363 1295 2422 eluentem
1312 2367 1349 2422 ri-

320 2451 384 2506 aiae
397 2493 404 2508 .
417 2451 506 2507 uenit.
523 2448 712 2530 Pzprouiocie
725 2470 768 2506 ue·
868 2489 871 2496 Δ
902 2451 981 2508 detur
998 2452 1033 2508 ad
1050 2452 1187 2521 amatum,
1204 2462 1233 2508 et
1247 2454 1348 2532 uulga-

318 2537 367 2596 uit.
385 2569 419 2578 -
437 2535 477 2593 ll:
496 2555 561 2594 oum
579 2537 698 2596 aulacis.
897 2549 959 2598 tum
976 2557 1085 2595 munuc
1106 2540 1167 2595 lm
1188 2540 1226 2594 lta
1250 2539 1348 2596 dictum

273 2623 301 2681 3.
318 2622 506 2680 etPraaulur
520 2623 680 2702 Verginius
694 2627 768 2683 aaa:
898 2638 940 2692 est
961 2645 1040 2704 mem
1063 2621 1227 2681 admodum
1251 2627 1348 2702 perdi-

296 2732 300 2738 ’
316 2709 382 2782 ΡΜ]
393 2719 419 2765 et
428 2707 696 2785 ProculusVirginias
705 2733 767 2768 con·
899 2724 961 2771 tum
973 2717 1016 2771 ire
1028 2729 1059 2768 nc
1070 2711 1181 2769 similis:
1199 2727 1282 2782 „mm
1291 2735 1349 2771 war

314 2795 395 2856 sulca.
408 2829 442 2838 -
455 2795 491 2852 Pr
508 2817 532 2852 a.
547 2803 579 2873 p).
596 2802 721 2859 cassius.
733 2831 767 2842 -
899 2797 1069 2876 gleichgtltlg
1086 2819 1169 2876 gegen
1187 2800 1234 2856 ibn
1246 2821 1348 2877 gewor-

316 2882 357 2938 tiz
376 2904 477 2958 quaem
493 2885 639 2959 publicum.
843 2927 849 2936 .
899 2888 965 2955 den,
992 2886 1050 2942 dale
1075 2907 1105 2943 er
1127 2889 1185 2943 sein
1208 2886 1349 2964 Geschcnl·

272 2965 298 3022 9.
314 2969 448 3040 puplico:
467 2967 508 3040 Ρ]
526 2971 641 3046 publica.
898 2973 966 3029 eben
989 2993 1021 3030 so
1048 2982 1095 3049 gut
1120 2973 1173 3030 den
1196 2974 1347 3052 Bandesge-

256 3050 298 3108 11.
316 3071 476 3128 numquam
499 3055 608 3110 deinde
631 3058 674 3112 ad
689 3057 766 3114 hana
897 3079 996 3117 nossen
1009 3059 1260 3138 wiedenBtirgem
1273 3063 1350 3120 habe

315 3139 707 3218 memorzbmcllhunqnam
719 3145 764 3200 de·
897 3147 1054 3204 colommen
1085 3146 1174 3207 lassen
1209 3151 1349 3211 mollen“.

315 3225 379 3282 inde
395 3245 481 3304 usque
498 3225 532 3283 ad
549 3227 618 3284 banc
635 3249 712 3292 mem.
729 3265 763 3275 -
895 3236 1050 3313 uulgatum
1085 3237 1146 3294 icae
1181 3239 1263 3313 igitur
1291 3258 1348 3294 non

234 3307 236 3314 ’
316 3311 376 3369 Pbl:
394 3318 451 3380 aar.
469 3315 555 3376 alter.
572 3345 610 3362 -··
624 3315 666 3374 ll:
684 3337 761 3399 cepe·
895 3321 967 3378 irlcm
985 3321 1112 3400 estquod
1129 3325 1279 3403 vulgasse,
1297 3345 1349 3381 nec

316 3408 357 3456 rat
374 3399 503 3463 fastidire.
557 3445 560 3453 ,
899 3418 1099 3489 oppugnatum
1125 3411 1168 3468 tre
1194 3413 1258 3481 (28,
1285 3411 1348 3482 lit)

255 3486 296 3540 14.
314 3504 420 3543 munus
438 3492 592 3570 uulgatum
613 3513 634 3548 a
651 3485 764 3550 cluibus
895 3497 966 3552 idem
985 3496 1061 3574 quod⁴
1076 3515 1254 3573 oppugnare.

315 3572 375 3626 isse
387 3575 417 3628 in
428 3580 541 3634 sociae:
555 3575 584 3639 Ρ.
596 3598 692 3636 munos
704 3580 762 3638 bul·
834 3584 876 3642 15.
895 3593 925 3639 et
942 3583 1115 3662 Verginium
1137 3584 1194 3638 cor.
1211 3578 1250 3636 'ia
1277 3599 1345 3638 aon·
1360 3581 1366 3594 '

314 3666 402 3730 gatnm
419 3664 551 3720 aciuibus
562 3669 660 3744 agabae
678 3671 705 3723 io
718 3687 763 3724 so-
877 3669 1036 3724 .tr‘aor‘bua.·
1055 3665 1127 3736 Pit]
1148 3674 1175 3720 et
1193 3661 1344 3745 virginium

313 3745 384 3798 cios:
411 3744 446 3803 bl.
471 3750 566 3808 munus
590 3753 724 3828 uulgatum
746 3776 761 3808 a
894 3751 1343 3814 consuleminconc.·-Mm.1.:

311 3829 415 3885 ciuibus
432 3851 500 3889 ease
520 3837 548 3893 in
570 3842 672 3896 socios:
700 3840 759 3898 cod.
891 3841 1091 3917 aetiginantem.
1114 3855 1150 3897 m.
1166 3840 1207 3898 3.=
1232 3843 1341 3912 uatipio.

312 3903 397 3973 Rbcn.
420 3914 496 3978 Laid.
518 3940 535 3980 r.
558 3956 594 3970 —
619 3926 650 3983 Si
665 3927 759 3999 faeti·
891 3955 925 3966 -—
953 3923 981 3980 Μ
1002 3945 1037 3984 m.
1060 3926 1100 3982 l.:
1127 3929 1253 3984 seruilem
1276 3928 1367 3987 hiis.'

308 4001 373 4057 dire
399 4021 459 4060 cum
485 4027 591 4074 munuc
617 4013 759 4070 cohaerere
840 4019 861 4028 ‘'
888 4029 924 4068 m.
942 4012 983 4068 az:
1001 4013 1166 4089 seruitutem.

309 4085 402 4165 debet,
431 4102 503 4150 recte
531 4097 632 4154 iudicat
660 4097 686 4158 J.
712 4098 757 4159 Fr.
829 4097 870 4156 17.
889 4099 1128 4174 quiaeceperint:
1141 4095 1273 4157 etffirob.
1287 4100 1342 4172 qui

307 4170 391 4234 Gran.
403 4178 464 4234 im
476 4185 678 4260 expungendum
688 4181 755 4245 esic.
888 4192 1077 4261 acceperant:
1090 4183 1137 4240 eu
1150 4193 1177 4240 et
1187 4183 1244 4242 rell.
1258 4184 1337 4242 codd.
