2860 4736
232 260 297 332 158
497 259 500 268 “
703 241 861 340 assidu

231 439 294 506 iam
315 436 456 506 ferocem
477 459 534 530 per
553 459 591 504 se
611 431 740 528 plebem
768 436 962 506 criminando
985 438 1017 503 in
1045 436 1199 528 primores
1225 436 1335 506 civita-

230 544 271 614 ds
292 541 494 633 instigabuntt
517 541 575 610 sed
596 535 745 610 extendus
766 541 863 610 timor
878 580 922 596 -
943 542 1119 610 maximum
1138 543 1336 611 concordiae
1408 513 1410 580 Ρ

230 645 392 718 naculum
414 685 457 701 -··
477 646 622 739 quamvis
643 655 812 738 suspectos
833 647 1039 738 infensosque
1063 647 1146 714 iuter
1166 667 1202 714 se
1223 647 1336 737 iunge-

232 755 288 824 bat
308 753 441 822 ammos.
463 752 497 820 id
518 753 616 820 modo
638 775 706 820 non
727 751 938 820 conveniebat
958 753 1046 842 quod
1068 763 1197 820 senatus
1219 775 1336 820 consu·

196 859 343 949 §desque
363 877 523 948 nusquam
544 856 617 924 alibi
639 879 731 948 spem
753 881 852 948 quam
878 855 912 924 in
934 856 1029 924 amris
1055 856 1232 948 ponebant,
1266 858 1335 949 ple·

229 964 288 1032 bes
310 963 416 1031 omnia
437 985 536 1054 quam
556 959 678 1029 bellum
698 961 848 1029 malebat.
870 962 939 1053 [Sp.
961 961 1098 1030 Nautius
1118 962 1183 1029 iarn
1205 973 1239 1029 et
1253 962 1334 1032 Sex.
1409 993 1410 996 ¹

228 1067 342 1136 Furius
369 1064 518 1135 consules
547 1077 645 1134 erant
673 1089 729 1133 eos
755 1079 970 1136 recensentes
983 1067 1141 1166 legiones,
1173 1067 1332 1158 praesidia

228 1195 288 1264 per
308 1188 418 1240 muros
440 1171 575 1261 aliaque,
596 1170 768 1261 inquibus
789 1171 942 1240 stationes
963 1169 1149 1262 dgdiasque
1170 1193 1243 1240 esse
1264 1174 1334 1264 pia·

229 1289 353 1362 cuerat,
384 1275 458 1344 loca
487 1271 700 1344 distribuentis
726 1274 898 1344 multitudo
925 1275 1035 1368 ingens
1062 1269 1177 1368 pedem
1197 1301 1334 1368 poscen-

184 1382 310 1456 sotium
335 1365 475 1472 primum
502 1379 654 1448 seditioso
683 1379 822 1448 clamore
850 1379 1036 1464 conterruit,
1069 1379 1183 1452 deinde
1215 1407 1334 1452 vocare

113 1487 117 1508 '
231 1497 378 1556 senatum
399 1486 517 1554 referre
540 1486 580 1554 de
599 1484 713 1576 legatis
736 1483 777 1551 ad
798 1483 836 1552 C.
858 1481 1016 1552 Marcium
1037 1485 1199 1554 mittendis
1214 1489 1333 1579 coegit.

229 1602 421 1679 acceperunt
440 1589 627 1658 relationem
642 1599 760 1680 patres,
780 1600 953 1689 postquam
975 1587 1121 1684 apparuit
1134 1591 1242 1659 labare
1262 1593 1332 1684 ple·
1408 1563 1410 1618 i

129 1773 132 1788 .
228 1693 277 1763 bis
298 1693 436 1762 animm:
468 1688 620 1786 missique
643 1691 684 1760 de
710 1691 791 1783 pace
820 1695 861 1762 ad
882 1693 1039 1764 Marcium
1067 1697 1209 1768 oratores
1238 1709 1333 1767 atrox
1409 1718 1410 1786 ζ

228 1823 419 1892 responsum
440 1799 631 1868 retulerunt:
654 1799 681 1866 si
699 1798 828 1868 Vulscis
851 1824 924 1892 ager
947 1800 1139 1888 redderetur,
1161 1827 1258 1896 posse
1281 1803 1333 1896 agi
1409 1841 1410 1910 ἱ

184 1923 218 1982 15
230 1906 271 1972 de
291 1926 386 1994 pace:
407 1903 435 1969 si
455 1904 574 1994 praeda
596 1901 672 1969 beili
694 1926 751 1992 per
773 1903 875 1970 otium
890 1905 952 1972 frui
972 1906 1080 1990 velint
1101 1932 1280 1978 memorem
1296 1932 1332 1978 se
1409 1933 1410 1978 3

230 2019 263 2084 et
283 2008 400 2076 civium
421 2005 550 2074 iniuriae
572 2016 606 2074 et
626 2003 789 2095 hospitum
810 2007 957 2076 beneficii
971 2011 1155 2080 adnisurum
1176 2025 1213 2082 ut
1237 2039 1332 2106 appa·
1409 2087 1410 2094 χ

228 2121 298 2178 reat
324 2110 420 2180 exilio
448 2107 507 2176 sibi
533 2108 684 2177 inritatos
701 2132 768 2176 non
795 2110 914 2179 fractos
941 2112 1064 2183 animos
1098 2139 1179 2187 esse.
1214 2119 1332 2187 iterum

106 2247 109 2255 ·
135 2237 138 2254 ·
230 2215 342 2284 deinde
363 2213 450 2284 idem
468 2213 640 2282 inissi'non
660 2213 854 2304 recipiuntur
870 2215 903 2282 in
919 2229 1030 2288 castra.
1056 2223 1237 2291 sacerdotes
1253 2249 1331 2316 quo-
1408 2205 1410 2286 Ι

230 2346 292 2414 que
314 2321 379 2390 suis
400 2317 573 2412 insignibus
594 2315 717 2385 velatos
738 2317 801 2386 isse
823 2321 984 2414 supplices
1007 2323 1048 2391 ad
1063 2339 1164 2395 castra
1185 2329 1327 2407 hostiurn

183 2425 379 2504 cotraditum
401 2437 465 2494 est:
487 2421 586 2492 nihilo
608 2422 709 2513 magis
729 2447 826 2514 quam
847 2425 970 2518 legatos
992 2429 1118 2500 flexisse
1140 2433 1290 2503 animum.

316 2529 395 2603 XL.¹
435 2531 523 2604 Tum
549 2539 714 2598 matronae
746 2529 787 2596 ad
814 2531 979 2604 Veturiam
1005 2546 1142 2604 matrem
1167 2536 1328 2608 Coriolani
1400 2597 1404 2610 ,

228 2635 498 2726 Volrunnismque
518 2655 656 2702 uxorem
668 2633 852 2726 frequentes
874 2650 1001 2708 coeunt.
1027 2640 1060 2707 id
1074 2642 1238 2732 publicum
1254 2669 1328 2713 con·
1364 2685 1370 2700 ,

227 2741 333 2808 silium
360 2763 401 2806 an
426 2739 589 2808 muliebris
615 2738 712 2807 timor
739 2740 813 2825 fuit,
847 2767 960 2834 parum
984 2744 1128 2812 invenio:
1166 2748 1327 2837 pervicere

110 2878 116 2902 ι
228 2857 312 2914 certe
333 2856 371 2914 ut
392 2856 425 2912 et
444 2844 578 2912 Veturia
600 2869 717 2936 magno
746 2857 823 2914 natu
851 2845 965 2913 mulier
990 2857 1025 2914 et
1046 2846 1220 2922 Volumnia
1247 2853 1328 2923 duos

232 3083 271 3159 Λ3.
291 3079 446 3157 quamuis:
469 3075 496 3133 Μ
514 3084 541 3132 et
564 3078 594 3134 in
612 3091 694 3154 marg.
711 3078 742 3139 P.
814 3080 857 3138 16.
874 3080 1066 3138 adnisurum:
1084 3080 1140 3142 ΡΜ.

235 3181 237 3188 ·
288 3197 323 3210 --
337 3165 374 3223 P:
390 3163 526 3225 uinculum
543 3183 633 3244 quom
647 3183 741 3240 suspe-
814 3167 856 3226 17.
874 3167 964 3224 acilio
977 3169 1327 3248 aibiinritatosnoasm-

288 3249 543 3312 etos.-Idm.1.:
560 3249 740 3330 infusosque.
873 3261 936 3312 ctos
953 3257 1069 3314 onam
1088 3277 1171 3316 ease.-
1198 3261 1226 3320 Ρ.
1245 3263 1326 3320 exilio

243 3343 270 3404 5.
285 3342 403 3418 plebes.-
421 3337 470 3396 ΡΜ
487 3337 560 3410 Heri.
577 3357 595 3398 ι.
610 3371 645 3384 ·-
659 3340 696 3399 P:
714 3363 739 3401 s.
874 3343 990 3402 enirm
1011 3347 1017 3416 Ι
1038 3365 1106 3403 esse
1130 3348 1183 3405 sibi
1200 3350 1327 3407 inritatos

171 3418 174 3430 ’
284 3437 314 3508 p.
333 3430 449 3488 nautius.
732 3468 734 3473 ,
872 3449 927 3488 uon
949 3432 1050 3490 fructos
1078 3437 1122 3492 ani
1141 3439 1146 3507 Ι
1166 3453 1225 3492 mos
1250 3455 1326 3495 esser

242 3519 269 3576 9.
287 3515 513 3588 distribuentis]
539 3514 739 3578 distribuentes.
870 3515 910 3575 11:
939 3519 989 3577 sed
1010 3521 1087 3600 prius
1114 3525 1230 3579 animos
1256 3543 1326 3583 esse

288 3610 324 3646 ὲ-
349 3601 372 3659 Ρ
400 3623 436 3662 m.
464 3606 505 3662 1.r
532 3603 738 3666 distribuendis.
872 3623 978 3665 erasum
996 3617 1045 3666 est

285 3687 361 3746 Pru.
379 3689 405 3748 9.
422 3689 463 3745 tn
480 3690 680 3748 distribuentes.
812 3694 854 3752 18.
871 3694 950 3750 idem
982 3696 1082 3751 missi:
1118 3693 1168 3752 ΡΜ
1201 3694 1276 3756 Harl.
1304 3717 1323 3759 r.

100 3839 103 3849 y
226 3778 268 3835 11.
286 3775 330 3832 ad
350 3785 393 3831 cm
416 3779 574 3834 marcium.-
597 3775 632 3837 Μ.
654 3780 698 3836 aad
713 3799 738 3840 c.
872 3778 949 3840 Laid.
967 3781 1007 3852 n]
1026 3780 1108 3838 iidem
1125 3783 1210 3842 missi.
1258 3811 1262 3820 ν

291 3871 319 3922 ιῑ.
337 3864 484 3920 marcian:
501 3862 531 3925 P.
550 3895 584 3908 -
602 3865 625 3923 Ρ
641 3885 677 3926 m.
696 3870 737 3926 1.:
809 3863 851 3927 90.
869 3864 1089 3925 ινσᾶιῖιιηι·ι.ει.·
1113 3869 1205 3928 nihilo
1223 3873 1322 3951 magis

283 3950 384 4008 lauare.
401 3967 437 4008 m.
454 3953 493 4028 2:
511 3950 610 4014 labare.
870 3970 960 4030 qaam
977 3954 1094 4033 legatos
1103 3959 1236 4032 flexisse
1258 3961 1321 4018 ani·

226 4039 268 4098 14.
286 4037 451 4116 retulerunt
466 4039 496 4094 si
510 4041 639 4096 uulsct's:
662 4039 736 4114 ΡΜ]
776 4079 779 4090 ·
869 4057 963 4096 mum.-
981 4039 1037 4102 ΡΜ,

284 4123 443 4182 rettulerunt
457 4125 484 4181 si
501 4121 621 4184 Volscis.¹
664 4150 667 4160 ·
806 4125 849 4188 24.
867 4133 901 4184 tad
917 4136 947 4183 et
965 4127 1106 4202 Vedwio:
1124 4129 1179 4191 ΡΜ.
1295 4133 1299 4146 ”
