2756 4720
692 333 800 396 trusit
815 333 861 394 tv.

228 331 293 400 436

231 517 314 575 serta
336 527 423 587 esse,
444 504 546 572 laetus
569 501 609 567 ab
631 500 755 566 tumulo
778 521 854 568 suos
875 498 1010 567 devocat
1031 509 1065 565 et
1085 499 1119 564 in
1142 511 1275 566 eastra
1303 497 1354 567 lio

141 651 143 659 ,
232 635 325 680 mana
347 619 500 702 penebat.
539 605 594 673 nbi
608 629 682 673 eum
698 615 787 673 vasu
805 606 993 694 desertaque
1014 603 1122 671 omnia
1136 605 1269 696 adque
1290 629 1354 671 ean

233 719 308 786 rlem
335 737 431 806 quarn
461 709 546 802 apud
572 709 681 776 hostes
708 707 893 776 foeditatem
923 708 1109 792 invenisset,
1142 709 1354 800 priusquam

232 821 371 888 Vrrlseos
399 817 543 908 cognitus
571 837 658 881 error
684 813 871 882 redduceret
893 853 936 866 -
966 814 1081 904 quibus
1107 824 1259 902 poterat
1289 837 1353 880 sau·

195 925 288 995 boiis
311 923 546 992 damosacum
568 955 610 968 -
632 918 757 1008 ignmns
785 943 882 1009 quam
908 917 1071 1008 regionem
1100 919 1226 984 consul
1256 919 1350 1009 petie

234 1041 292 1113 set,
313 1025 489 1100 sslurbem
510 1021 662 1115 proximis
684 1022 846 1091 itineribus
868 1023 979 1117 pergit.

320 1131 389 1202 xli
432 1131 499 1197 lem
521 1151 561 1197 eo
582 1129 666 1195 lama
688 1151 813 1219 pugnae
836 1129 988 1195 adversae
1014 1137 1276 1219 castrommque
1301 1129 1346 1195 de

234 1251 392 1308 sertorum
412 1234 532 1324 perlata
554 1244 636 1315 erat,
663 1243 790 1300 stante
816 1233 923 1300 omnia
952 1231 1107 1322 deplorati
1135 1244 1238 1300 erant
1263 1235 1347 1324 equi

233 1355 282 1411 tes
303 1363 368 1408 non
389 1337 512 1429 privato
533 1337 633 1428 magis
655 1359 752 1428 quum
773 1337 902 1429 publico
925 1336 1029 1420 luctu,
1054 1337 1250 1428 Fabiusque
1275 1363 1345 1406 con·

188 1459 222 1516 to
235 1445 285 1513 sul
305 1455 426 1512 terrore
447 1441 518 1509 urbi
540 1463 670 1532 quoque
697 1441 812 1510 iniecto
841 1443 1010 1510 stationem
1036 1454 1108 1510 ante
1126 1455 1253 1532 portas
1278 1469 1342 1535 age

234 1550 299 1631 bat,
320 1571 395 1616 cum
417 1545 539 1636 equites
561 1546 673 1637 procul
694 1546 752 1613 visi
773 1569 839 1614 non
860 1548 928 1615 sine
949 1558 1069 1615 terrore
1086 1547 1128 1614 ab
1142 1547 1257 1617 dubiis
1281 1549 1342 1640 qui

233 1677 310 1722 narn
331 1662 453 1733 essent,
479 1671 558 1717 mox
580 1649 697 1741 cogniti
722 1663 844 1720 tantam
866 1675 908 1720 en
929 1663 1019 1719 metu
1045 1651 1201 1718 laetitiam
1226 1653 1340 1736 fecere,

234 1769 271 1824 ut
299 1758 420 1825 clamor
446 1755 560 1822 urbem
587 1757 775 1849 pervaderet
803 1757 1026 1846 gratulantium
1052 1755 1160 1824 salvos
1188 1757 1339 1826 victores

236 1885 299 1953 que
321 1861 439 1952 replisse
453 1860 594 1950 equites,
618 1871 651 1928 et
672 1884 713 1930 ex
735 1862 864 1930 maestis
886 1861 984 1952 paulo
1000 1865 1072 1927 ante
1086 1859 1246 1933 rlorrribus
1260 1887 1337 1954 quae

189 1981 223 2035 tt
236 1965 511 2034 conclamaverant
526 1986 608 2046 ‚suos
630 1979 868 2055 procurreretur
889 1968 922 2033 in
944 1967 1025 2049 vias,
1051 1965 1257 2057 pavidaeque
1280 1993 1336 2034 ma

234 2080 300 2137 tres
322 2093 360 2136 ac
381 2068 533 2158 coniuges
556 2067 672 2138 oblitae
694 2093 771 2161 prae
794 2071 909 2162 gaudio
931 2069 1055 2140 decoris
1078 2069 1209 2138 obviam
1225 2071 1335 2161 agmini

237 2183 452 2258 occurrerent,
484 2172 518 2240 in
545 2196 621 2244 suos
652 2198 798 2282 qrraeque
829 2175 923 2243 simul
952 2193 1087 2266 corpore
1109 2185 1210 2266 atque
1234 2177 1333 2243 animo

254 2366 280 2424 9.
297 2365 414 2442 adque.-
439 2365 463 2424 Ρ
488 2387 524 2430 m.
553 2369 577 2426 l.
600 2367 644 2440 tt]
673 2377 753 2446 aqna

297 2452 335 2524 (P
353 2473 389 2511 m.
408 2455 460 2526 Ἄ).
497 2453 540 2514 Gi
559 2457 593 2524 1,
616 2459 658 2514 10.
676 2466 703 2512 et
720 2456 751 2514 Τ.

299 2534 361 2597 tivi
378 2540 397 2600 l.
415 2561 477 2602 xxx.
494 2563 522 2620 p.
539 2562 607 2602 [ενι.
625 2544 673 2602 t·
739 2560 741 2568 ’

253 2624 280 2685 l.
300 2625 445 2685 Vulscor:
463 2628 506 2702 Μ]
525 2625 648 2690 Volscos.
672 2661 707 2674 -
729 2621 761 2687 P'

297 2733 333 2773 m,
354 2719 391 2774 l.:
410 2717 532 2792 cognitos
550 2737 634 2779 error.
662 2750 692 2762 -
716 2718 750 2775 P:

295 2801 530 2862 redduceret.‘—
547 2803 574 2859 Μ
592 2825 627 2864 m.
648 2809 686 2864 t:
705 2825 749 2862 re·

300 2888 416 2957 discere,
434 2889 498 2945 dein
515 2891 677 2951 reduceret.

246 3001 280 3014 -·
298 2975 406 3048 quibus
426 2985 545 3048 poterat
566 2980 678 3033 conciis·
699 2978 752 3034 clu·

866 2377 869 2386 '
887 2389 964 2448 quac
981 2371 1244 2444 complorauorc‘nt
1262 2387 1335 2426 auor.

884 2487 919 2501 -
930 2457 973 2518 Cf.
983 2460 1008 2526 5,
1018 2461 1076 2516 itt:
1086 2455 1239 2534 conplorati
1249 2477 1335 2514 omncs

885 2547 987 2624 puriter
1004 2545 1060 2599 vivi
1083 2545 1239 2620 mortuique
1257 2555 1336 2600 totam

882 2653 969 2710 prope
978 2632 1071 2688 urbem
1085 2629 1208 2686 lamentis
1222 2631 1337 2706 inplere·

884 2729 957 2778 runt.
975 2717 1008 2776 al.
1026 2747 1060 2760 -
1084 2716 1183 2794 Appul.
1203 2717 1336 2776 Metaon

884 2801 1335 2882 (pstot.l}tm.)ttanirmetatnde

858 2915 860 2922 ·
885 2893 967 2950 lictus
975 2902 1005 2948 et
1012 2891 1197 2951 conclamatus
1206 2911 1244 2951 cs.
1255 2893 1335 2952 Oritl

885 2982 955 3037 trist.
973 2983 1000 3047 3,
1016 2982 1043 3038 Β.
1062 2981 1190 3038 manac
1208 2999 1271 3037 cun
1288 2979 1334 3037 clu-

227 3105 229 3112 .
298 3061 353 3113 ctis
372 3058 428 3126 (Με
452 3060 549 3130 dictis)
567 3081 681 3118 aecum.-
702 3061 753 3120 ΡΜ

169 3666 281 3723 ,9,

240 3839 282 3896 12.

299 3153 328 3198 et
344 3143 402 3203 rell.
426 3145 505 3205 codd.
528 3175 562 3188 -
589 3144 633 3206 (ll.
652 3149 677 3215 1,
695 3150 752 3207 usa

299 3271 317 3300 ,‚
323 3242 354 3288 ut
370 3251 434 3290 raro
453 3234 506 3289 iam
518 3235 640 3310 equitum
652 3232 753 3300 clamor

299 3321 382 3376 exire?
400 3320 549 3378 iubentium
575 3321 692 3379 instabat
718 3354 753 3366 ·—

300 3410 399 3484 raptim
426 3409 524 3485 quibus
550 3411 664 3486 quisque
693 3419 753 3486 pot·

300 3503 361 3550 erat
380 3494 457 3552 elatis
479 3527 514 3538 -
536 3498 590 3553 iam
612 3499 753 3565 contineub

300 3583 472 3655 migrantium
488 3583 646 3662 impleverat
661 3586 719 3640 vias
726 3589 752 3642 “.

301 3683 391 3742 qnam
405 3671 522 3742 publico
541 3673 635 3728 luctu:
654 3669 690 3728 Μ.
716 3676 752 3712 ¹-

300 3749 336 3808 P:
356 3773 434 3828 quam
452 3754 552 3828 pullico
570 3755 651 3816 luctu.

300 3842 425 3918 cogniti:
451 3840 478 3898 ll
502 3863 538 3902 m.
562 3844 588 3901 2.
611 3875 647 3888 -
673 3844 751 3905 llnn

302 3929 327 3986 1.
345 3925 367 3983 Ρ
383 3925 459 3987 llarl.
476 3947 494 3986 r.
512 3927 589 3989 Leid.
607 3951 625 3991 r.
649 3932 682 3992 al.
705 3951 751 3988 cc·

298 4016 400 4090 guilis.

874 3079 962 3121 ¹nuuc
974 3065 1231 3142 supremulnbeutcs
1243 3067 1334 3124 otulm

887 3153 986 3208 madet
1010 3156 1097 3211 amice
1115 3163 1225 3210 tunnas.
1248 3152 1334 3210 Taciti

886 3241 1334 3318 Ann.3,2.:(cumllgrippinacum

886 3325 1040 3386 Germanici
1069 3328 1203 3404 cineribus
1229 3329 1335 3406 acccele-

886 3419 958 3488 ret):
977 3420 1081 3486 ‚‚ctiam
1099 3436 1212 3494 quorum
1230 3415 1335 3478 dirersa

888 3504 989 3581 oppida
1011 3515 1100 3562 tamen
1124 3503 1198 3560 obvii
1214 3509 1242 3558 et
1258 3506 1333 3560 ricti-

885 3610 943 3646 mas
967 3601 1047 3668 atque
1070 3609 1129 3646 aras
1154 3587 1196 3645 dis
1213 3591 1334 3648 manibus

888 3686 1034 3734 statuentes
1052 3677 1169 3732 lacrimis
1188 3686 1214 3732 et
1232 3676 1333 3734 concla-

885 3765 1046 3820 mationibus
1065 3761 1186 3820 dolorem
1203 3765 1333 3820 testaban-

886 3856 962 3909 tur“.
975 3881 1008 3892 -
1023 3847 1085 3906 PM:
1100 3851 1202 3924 poulo.
1215 3883 1247 3895 -·
1266 3851 1334 3910 Pru.

886 3943 928 3996 1.=
955 3947 1159 4015 procurreretur
1184 3940 1213 3995 in
1234 3940 1333 4000 vidiae.

868 4031 921 4082 m.
939 4025 1024 4082 2:111
1042 4025 1109 4082 uias.
1234 4047 1238 4060 ’
1287 4067 1292 4082 .

240 4098 283 4156 bl.
301 4105 648 4174 quaeconclamcuerant
664 4125 752 4164 suos.-
824 4111 867 4168 17.
885 4111 976 4167 siaul
991 4130 1113 4186 corpore
1131 4121 1220 4190 utque
1235 4116 1331 4172 anbno

300 4183 348 4242 ΡΜ
360 4185 432 4248 Harl.
444 4209 462 4248 r.
480 4191 513 4250 al.
526 4217 559 4233 -·
571 4191 645 4267 Lips.
664 4211 700 4250 ιιι.
712 4194 751 4251 a:

886 4199 941 4252 uia
959 4217 1036 4270 prae
1050 4199 1165 4277 gaudio
1189 4212 1331 4276 compote:
