2832 4720
216 205 281 276 uos
674 223 844 298 uranum.

216 385 341 454 silentio
364 385 575 471 tribunorum,
597 388 684 478 quod
706 386 809 478 primo
830 387 1007 478 legatorum
1029 387 1084 479 qui
1105 384 1256 456 Athenas
1282 389 1328 456 ie·

215 503 285 558 rant
307 493 478 584 legumque
500 489 735 584 peregrinamm
757 493 953 584 exspectatio
976 492 1128 584 praebuit,
1150 493 1228 558 dein
1253 495 1329 561 duo

216 596 310 664 simul
332 596 414 662 mala
436 597 572 687 ingentia
594 607 719 679 exorta,
752 595 852 665 fames
874 597 1117 688 pestilentiaque
1139 597 1237 664 foeda
1263 597 1328 665 ho·

166 759 169 766 .
215 702 290 769 mini
312 701 407 770 foeda
428 701 546 792 pecori.
568 699 680 779 vastati
702 700 767 790 agri
788 713 871 786 sunt,
899 702 976 768 urbs
998 701 1135 768 adsiduis
1157 701 1327 770 exhausta

185 793 387 876 oluneribus.
413 807 533 874 multae
556 816 589 872 et
610 803 712 871 clarae
734 805 884 896 lugubres
910 808 1041 873 domus:
1073 806 1191 878 flamen
1211 797 1348 893 Quiris
1391 827 1392 868 ι

212 912 292 978 natis
314 911 443 980 Servius
465 909 631 977 Cornelius
658 921 817 993 mortuus,
844 933 943 1002 augur
965 909 1002 978 C.
1024 910 1174 978 Horatius
1196 911 1323 978 Pulvil·
1390 885 1392 980 i

212 1015 278 1084 lus:
306 1017 340 1086 in
362 1016 453 1084 cuius
472 1014 581 1084 locum
603 1013 640 1080 C.
662 1014 831 1082 Veturium
852 1038 891 1083 eo
915 1014 1060 1108 cupidius
1088 1015 1161 1106 quia
1184 1016 1320 1082 damna·

126 1105 136 1132 ⁸
211 1133 264 1188 tus
292 1145 310 1188 a
339 1120 433 1212 plebe
460 1130 528 1187 erat
555 1139 688 1208 augures
722 1119 842 1212 legere:
878 1131 1024 1212 mortuus
1052 1119 1165 1186 consul
1190 1120 1319 1206 Quinti·

128 1291 135 1304 .
211 1225 287 1308 lius,
321 1236 472 1316 quattuor
496 1223 613 1291 tribuni
639 1221 736 1313 plebi.
778 1225 945 1316 multiplici
971 1225 1062 1292 clade
1088 1223 1236 1292 foedatam
1261 1219 1317 1292 an-

165 1341 281 1400 tonus.
325 1330 364 1396 ab
398 1329 492 1396 hoste
526 1328 626 1396 otium
660 1327 729 1396 fita
778 1329 855 1396 Inde
890 1329 1039 1396 eonsules
1072 1328 1110 1396 Ο.
1142 1329 1316 1403 Menenius

210 1433 246 1500 Ρ.
269 1434 391 1500 Sestius
414 1433 620 1524 Capitolinus.
653 1437 759 1524 neque
789 1459 828 1502 eo
858 1458 942 1502 anno
965 1433 1144 1526 quicquam*
1158 1434 1236 1502 belli
1258 1459 1313 1503 ex.

208 1538 291 1604 temi
312 1538 381 1605 fuit.
421 1539 508 1606 donli
529 1548 637 1605 motus
654 1533 735 1606 orti.
771 1539 836 1605 iam
863 1538 1021 1606 redierant
1042 1538 1137 1629 legati
1159 1562 1234 1604 eum
1256 1539 1313 1606 At-

208 1643 278 1710 ticis
300 1643 433 1734 legibus.
470 1665 510 1709 eo
532 1641 681 1710 intentius
703 1643 862 1710 instabant
882 1643 998 1711 tribuni
1021 1653 1057 1710 ut
1085 1643 1216 1710 tandem
1236 1644 1311 1710 seri-

209 1747 385 1814 bendamm
411 1740 520 1837 ldgum
538 1747 675 1814 ¹initium
708 1749 807 1816 fieret.
844 1748 949 1838 planet
979 1748 1078 1816 creari
1111 1747 1309 1815 decemviros
1391 1817 1392 1820 ,

163 1853 276 1929 15sine
299 1853 525 1944 provocatione
547 1863 642 1920 etue
665 1853 737 1943 quis
759 1876 799 1920 eo
816 1839 909 1920 'anno
934 1851 1014 1919 alius
1040 1851 1239 1942 magistratus
1261 1876 1309 1918 es·

208 1967 268 2024 set.
307 1956 593 2023 admiscerenturne
621 1955 741 2047 plebei,
776 1959 991 2024 controversia
1017 1957 1210 2047 aliquamdiu
1238 1957 1304 2024 fuit

206 2070 371 2152 postremo
394 2083 583 2128 conoessum
604 2059 757 2150 patribus,
778 2061 877 2126 modo
897 2084 939 2128 ne
960 2061 1015 2128 lex
1036 2061 1121 2128 Icilia
1142 2062 1183 2129 de
1204 2059 1305 2129 Aven-

206 2165 274 2233 tino
296 2165 439 2256 aliaeque
461 2177 601 2232 sacratae
623 2165 711 2252 leges
733 2164 968 2254 abrogarentur.
1004 2201 1015 2225 ι

295 2269 442 2364 ΧΧΧΙΠ.
470 2341 473 2354 ,
486 2269 579 2336 Anno
594 2271 818 2336 trecentesimo
827 2263 931 2340 ‘altero
947 2293 1045 2360 quam
1061 2271 1188 2342 'condita
1202 2272 1301 2338 Roma

127 2397 130 2406 ’
159 2393 195 2448 uo
207 2387 275 2444 erat
295 2376 411 2450 itemm
437 2385 578 2445 mutatur
603 2373 706 2444 forma
734 2373 882 2473 civitatis,
916 2375 956 2444 ab
980 2376 1162 2458 consulibus
1191 2377 1230 2444 ad
1252 2377 1300 2443 de·
1374 2389 1378 2397 '

223 2525 249 2584 2.
268 2523 338 2582 dein
356 2524 416 2582 duo
434 2525 525 2586 simul
541 2526 639 2586 mala:
662 2522 720 2584 Pu.
855 2524 997 2593 dandam,
1018 2523 1068 2581 sed
1084 2547 1120 2585 m.
1138 2528 1164 2584 2.
1182 2525 1299 2583 emenda·

825 2633 828 2644 ·
854 2615 902 2672 vit.
921 2639 956 2655 ..
973 2611 1035 2668 Pttz
1056 2616 1148 2673 creari.
1166 2631 1192 2674 x.
1210 2616 1288 2674 uiros.

790 2701 833 2756 16.
851 2700 1222 2776 admiscerenturneplebi:
1235 2701 1297 2782 ξἰιι.

851 2789 877 2844 ⁸2.
895 2785 1048 2844 tullerit.
1070 2815 1105 2830 -·
1127 2787 1225 2846 Aldus:
1240 2791 1296 2865 ple-

854 2874 914 2929 bei:
933 2881 960 2928 et
977 2874 1018 2928 sic
1035 2876 1192 2948 saepissime
1209 2879 1236 2933 in
1253 2898 1295 2932 an·
1391 2911 1392 2926 ι

852 2961 935 3036 liquis
952 2959 1038 3019 libris.
1052 2991 1085 3000 —
1104 2960 1179 3022 P'm.
1199 2967 1236 3022 1.:
1253 2963 1295 3020 ad·

223 2657 250 2716 5.
267 2657 379 2715 multae
397 2667 427 2715 et
441 2659 559 2716 clarae:
576 2657 611 2716 tt.
629 2690 663 2706 -—
681 2657 718 2713 P:

198 2793 202 2800 .
266 2745 366 2802 multae
383 2755 411 2802 et
428 2745 512 2806 elada.
528 2768 564 2804 m.
582 2749 621 2806 2:
639 2745 718 2802 clare.

266 2863 301 2894 7-
320 2832 356 2888 P:
375 2831 472 2912 lrarrrerr.¹
498 2853 534 2894 m.
552 2836 590 2892 Ἅι
611 2833 718 2892 flamen.

264 2948 300 2960 -
324 2917 363 2976 tl:
388 2921 493 2974 serulus
516 2929 607 2982 sextus
626 2938 719 2975 corne·
758 2949 761 2962 ·

264 3003 326 3061 lius.
348 3034 382 3045 -
409 3005 471 3060 Pu:
489 3003 625 3080 puluilius.
643 3004 718 3060 -P
753 3069 766 3100 Ὦ
821 3057 823 3064 ,
849 3047 1095 3108 ωἰεωηῃάυῃῃθ.

264 3110 301 3235 ἴῃ·
322 3093 359 3149 1ἐ
376 3093 406 3148 in
424 3109 500 3149 cum
512 3110 610 3153 ΜΝ
627 3111 664 3160 'm'
677 3093 716 3151 Ἅι
788 3134 831 3192 17.
848 3134 901 3190 len
918 3133 1019 3190 Icilia.-
1037 3134 1192 3194 Glareanus.
1206 3167 1237 3177 —
1249 3136 1295 3194 ΡΜ

158 3251 163 3260 -
276 3197 362 3240 πω·
770 3218 777 3226 “
812 3239 814 3246 ·
847 3219 921 3279 narr.
938 3241 956 3281 1.
974 3221 1050 3282 naa.
1069 3244 1101 3282 ιι
1125 3227 1178 3282 aa
1202 3223 1293 3284 aaa.

219 3311 245 3372 9.
263 3311 451 3372 nutribant
456 3311 549 3386 plebi:
558 3305 627 3381 ΡΜ]
639 3318 715 3384 quat-
816 3324 820 3336 ¹
837 3305 953 3366 ‘litterae
970 3331 991 3368 o
1009 3313 1065 3368 eti
1080 3331 1208 3390 persaepe
1219 3314 1245 3374 in
1256 3313 1291 3367 vi·
1391 3359 1392 3362 ,

263 3407 325 3456 tuor
349 3399 451 3456 tribuni
474 3396 569 3475 plebis.
592 3430 626 3440 —
653 3397 715 3455 Pu:
849 3418 907 3455 cem
924 3408 1089 3474 permutatae
1106 3409 1176 3458 sunt.
1196 3428 1228 3442 -·-
1253 3399 1290 3454 tl:

262 3485 350 3554 „inde
375 3491 445 3544 cosa.
473 3507 496 3545 c.
523 3487 661 3543 menenius
688 3493 716 3564 p.
828 3481 965 3564 ¹aliaequi
980 3496 1098 3543 saeratae
1112 3486 1192 3560 leges.
1209 3473 1289 3543 mla

263 3574 370 3626 sextius
388 3571 473 3641 (Pm.
488 3574 526 3631 1.:
539 3574 653 3642 textina)
671 3593 713 3629 oa·
847 3571 976 3651 aliaeque.

261 3657 421 3734 pitolinus“.
440 3657 488 3714 sed
504 3661 530 3726 3,
542 3661 585 3718 33.
605 3655 665 3716 PM:
685 3669 715 3718 et
785 3659 828 3720 19.
846 3681 924 3717 aiano
942 3657 1141 3716 ireceuteslmo
1154 3654 1194 3724 (Ρ
1205 3677 1237 3715 m.
1252 3659 1287 3717 1.:

261 3745 360 3802 sestis.
385 3742 468 3800 Sentii
486 3749 555 3800 enim
575 3756 650 3802 erant
666 3768 712 3822 pa·
845 3743 1184 3812 trecentessimololtero:
1195 3743 1286 3804 PM.-

260 3833 341 3901 tricii,
359 3829 446 3890 Sextii
463 3823 570 3908 plebeii.
596 3833 711 3908 Dionys.
820 3857 824 3864 ·
844 3833 918 3892 llarl.
935 3852 952 3889 1.
969 3829 1045 3890 Laid.
1057 3850 1087 3890 ιι
1106 3835 1285 3890 trecentesimo

262 3923 309 3988 10,
339 3921 397 3978 54:
427 3919 548 3985 Λούκιος
575 3921 712 3992 Μενήνιος
845 3940 913 3977 anno
932 3917 1025 3978 altero.
1042 3949 1077 3962 -
1097 3919 1136 3978 ll:
1156 3922 1194 3978 ab
1210 3922 1284 3979 ιι.ἰί-

259 4005 312 4064 aab
334 4005 455 4072 Πόπλιος
477 4006 599 4083 Edonios.
628 4041 661 4050 -
689 4009 711 4066 P
844 4027 898 4066 ros.
916 4027 951 4066 m.
969 4009 1008 4065 2:
1027 4007 1076 4067 od.
1094 4040 1128 4050 —
1156 4007 1190 4066 P:
1208 4009 1282 4065 tranl·

259 4113 295 4153 ru.
315 4096 353 4152 l.:
372 4095 442 4152 ordi
458 4103 485 4151 et
501 4094 581 4172 paulo
599 4106 662 4174 post
680 4104 712 4152 ut
842 4095 905 4154 lato.
923 4111 962 4155 tn.
976 4097 1016 4156 Ἅι
1033 4094 1156 4156 tranlato.
