2836 4720
235 284 300 352 ιιι)
442 279 464 320 '·
696 295 804 355 nmen
821 295 865 354 ιιι
919 322 922 328 ·

238 464 359 532 nullam
380 455 472 555 sqiem
500 485 566 530 non
593 459 736 560 potiqndi
764 459 860 527 modo
887 457 943 524 sed
969 482 1010 525 ne
1043 459 1177 526 adeundi
1199 459 1345 549 quidem

235 570 377 637 Romana
399 565 525 635 moenia
548 566 668 633 animos
690 587 802 631 eorum
824 561 921 653 cepit:
953 574 1100 653 tectaque
1128 563 1241 653 procul
1264 564 1347 632 visa

162 661 166 676 ’
238 684 334 763 atque
356 672 542 738 inminentes
569 668 683 736 tumuli
713 679 854 738 avertere
881 678 1003 735 mentes
1031 691 1156 751 eorum,
1192 679 1228 734 ut
1254 669 1345 736 totis
1376 665 1380 672 ’

235 778 353 868 passim
376 775 484 844 eastris
503 774 632 854 fremitu
655 784 740 855 orto,
769 772 844 863 quid
870 771 903 837 in
924 784 1014 840 vasto
1037 795 1074 838 ae
1104 773 1229 840 deserto
1254 798 1342 862 agro

206 881 316 948 5inter
336 872 444 948 tabem
465 903 616 972 pecorum
639 878 868 968 hominumque
886 877 1008 944 desides
1030 877 1096 945 sine
1111 879 1230 967 praeda
1252 889 1342 946 tem-

234 1010 295 1078 pus
318 996 463 1069 tererent,
485 1008 559 1052 eum
580 983 700 1074 integra
721 984 793 1052 loca
815 982 1032 1068 Tusculamun
1054 1007 1164 1072 agrum
1185 982 1343 1073 opimum

234 1091 333 1182 copiis
351 1102 460 1184 petere
482 1100 629 1187 possent,
662 1089 749 1178 signa
775 1099 905 1180 repente
934 1085 1148 1156 convellerent
1174 1095 1339 1154 transver-

234 1195 341 1285 sisque
362 1194 523 1264 itineribus
551 1218 609 1285 per
629 1191 804 1260 Lavicanos
819 1216 924 1284 'agros
950 1193 983 1276 in
1005 1192 1204 1261 'liuculanos
1229 1192 1338 1260 colles

233 1298 410 1370 transirent.
450 1324 488 1369 eo
517 1298 565 1367 vis
594 1297 695 1374 omnis
723 1308 961 1387 tempestasque
988 1297 1064 1364 belli
1082 1319 1244 1366 ,eonvetsa
1269 1308 1336 1364 est.

188 1411 222 1466 10
233 1402 358 1470 interim
372 1401 500 1471 Hernici
514 1402 681 1492 Latinique
701 1404 824 1494 pudore
847 1403 942 1470 etiam
962 1385 1029 1469 nod
1050 1401 1263 1484 misericordia
1279 1425 1336 1468 so

219 1507 301 1598 'lu-m
322 1508 416 1591 moti,
445 1509 471 1574 si
493 1531 554 1575 nee
583 1499 777 1575 obstitissent
804 1505 1024 1575 communibus
1045 1506 1189 1582 hostibus
1210 1501 1334 1590 infesto

233 1609 364 1702 agmine'
377 1611 558 1680 Romanam
585 1612 697 1680 urbem
725 1612 905 1704 petentibus
932 1605 993 1680 nec
1021 1607 1117 1702 opem
1144 1609 1244 1678 ullam
1273 1611 1332 1680 ob-

231 1715 334 1792 sessis,
362 1717 455 1787 Sociis
483 1719 615 1802 lenent,
649 1718 834 1797 coniuncto„
850 1718 990 1786 exercitu
1016 1715 1153 1792 Romam
1182 1728 1333 1810 pergunt.

192 1820 1395 1912 *ummmmfflsmfflmffimmswmhmmmvfflffla·

160 1925 162 1932 “
186 1931 219 1988 15
232 1924 316 1992 obvii
344 1925 425 1993 fiunt
452 1927 715 1994 descendentibus
742 1927 782 1994 ab
810 1927 998 2008 Tusmdano
1014 1927 1055 1992 'in
1079 1924 1236 1992 Albanam
1264 1925 1331 1992 val-

231 2030 306 2096 lem.
327 2029 379 2120 ibi
389 2028 637 2120 haudquaquam
658 2055 762 2122 aequo
783 2030 906 2123 proelio
919 2041 1095 2124 pugnatum
1117 2042 1167 2098 est
1183 2029 1330 2119 fidesque

231 2157 288 2208 sua
310 2134 403 2201 sociis
431 2156 544 2224 parum
566 2134 643 2202 felix
664 2135 697 2201 in
718 2137 895 2226 praesentia
919 2136 987 2208 luit:
1024 2133 1111 2200 haud
1136 2135 1240 2204 ndnor
1264 2135 1330 2202 Ro-

229 2237 361 2314 maefit
387 2239 501 2330 morbo
530 2250 650 2330 strages
679 2264 776 2331 quam
804 2235 923 2334 quanta
948 2240 1033 2313 ferro
1061 2237 1230 2310 sociorum
1242 2240 1328 2310 lacta

230 2353 311 2411 erat:
335 2343 447 2421 consul
460 2342 526 2434 qui
546 2367 638 2420 unus,
652 2346 975 2436 supereratmoritun:
991 2346 1114 2420 -mmtui
1137 2344 1235 2420 etalii
1250 2345 1328 2415 clari

182 2451 217 2512 20
229 2447 301 2530 viri,
324 2447 369 2514 Μ.
392 2433 537 2515 Valerius
559 2447 599 2514 Τ.
622 2448 789 2540 Verginius
809 2448 935 2524 Rutilus
956 2475 1107 2542 augures,
1130 2451 1199 2518 Ser.
1220 2449 1326 2540 Sulpi-

228 2551 295 2628 cius
323 2551 409 2621 cun'o
438 2552 611 2626 maximum
626 2549 630 2560 ’
648 2563 693 2629 et,
708 2577 766 2644 pen
791 2547 898 2646 ignota
926 2547 1029 2654 capita
1049 2557 1115 2623 late
1140 2566 1252 2646 vagata
1275 2565 1328 2623 est

274 2744 359 2802 'noch
376 2743 532 2812 aulbieltim
551 2743 741 2804 da'siereiebo
811 2745 854 2808 15.
872 2751 910 2806 ad
931 2749 1153 2816 Tusculano-
1164 2745 1213 2814 ΡΜ
1222 2743 1296 2806 Harl.
1306 2769 1325 2806 ι.

291 2832 347 2895 und
365 2831 513 2908 gibellic‘he
526 2833 670 2912 Gegenden
682 2833 739 2891 nub
871 2832 948 2905 lieid.
965 2849 1001 2894 ιι·
1022 2835 1055 2890 ab
1073 2833 1227 2904 tusculana'
1239 2837 1267 2892 iu
1285 2836 1323 2892 al-

237 2916 241 2925 ’
287 2917 389 2973 sueben
407 2917 526 2976 lbnnteu
544 2913 578 2962 -ss
596 2923 637 2978 sie
652 2919 738 2998 plbtz·
871 2921 1173 2987 banamuellom.''-ll:,
1190 2923 1322 2980 ibiha'ud·

285 3002 341 3058 lieh
359 3003 417 3058 ihre
429 3003 604 3062 l'eldzeloben
620 3008 739 3082 er'boben
871 3015 1010 3084 quamqut.
1063 3023 1067 3030 “
1146 3009 1158 3028 ”
1221 3012 1226 3086 J

284 3089 340 3146 und
352 3089 421 3145 nach
433 3089 485 3146 den
495 3089 591 3148 llbheu
604 3093 657 3150 von
669 3093 738 3150 Tus·
809 3091 856 3155 201
871 3089 910 3154 M.
935 3095 970 3154 V
964 3096 1077 3157 alerius
1104 3099 1136 3162 T,
1147 3098 1323 3177 'Verginius

286 3173 375 3232 culum
392 3181 509 3249 zogen‘t,
525 3175 624 3234 '-·²lll:
643 3199 737 3237 eorum
867 3179 1015 3241 Rutilius.-
1032 3183 1062 3242 P.
1081 3217 1114 3225 —
1136 3180 1177 3242 ll:
1195 3195 1231 3250 fit.
1250 3183 1320 3241 uale-

285 3263 446 3340 eoepit'.'-
475 3261 517 3318 lli:
530 3261 611 3342 ‘quid
637 3265 736 3323 inlbsto
821 3273 827 3281 '
868 3272 924 3327 rius
940 3276 944 3342 Ι
960 3265 1090 3348 nir'ginius
1108 3263 1268 3331 rutilius-
1286 3269 1319 3329 C.

235 3354 239 3362 '
284 3369 347 3426 agro
357 3353 427 3422 intra
443 3351 447 3420 Ι
463 3349 560 3410 tabem.
573 3373 607 3412 ιιι.
617 3353 656 3412 2:
669 3355 735 3442 quid
822 3361 827 3368 '
868 3356 995 3432 Sigonius
1013 3362 1131 3420 restituit
1147 3353 1275 3419 Rutilae.

184 3429 186 3443 ’
282 3437 381 3494 infesto
400 3439 463 3514 agro
476 3427 537 3518 ini]
552 3441 653 3499 tabem:
671 3442 698 3525 ll.
711 3464 734 3502 e.
806 3444 849 3504 21.
868 3445 1064 3526 lnte'uagnto
1087 3441 1145 3505 est:
1179 3445 1227 3504 ΡΜ
1259 3445 1318 3512 eod.

237 3535 242 3542 '
283 3524 359 3580 inter
388 3529 492 3593 tabem,
521 3560 556 3579 -,-
585 3527 733 3604 le.'1.:
866 3529 972 3606 Rieu]
996 3533 1049 3593 late
1073 3545 1179 3608 evagata
1202 3541 1250 3590 est.
1282 3563 1316 3572 -

281 3628 374 3682 agrum
392 3616 526 3689 opinum.¹
613 3609 615 3612 ¹
681 3627 685 3642 ¹
866 3608 1114 3700 Contra'cdagori
1134 3611 1205 3676 reete
1222 3637 1251 3673 se
1268 3617 1315 3676 ha·

235 3696 261 3752 8.
277 3715 332 3769 per
355 3697 534 3758 Lauicanos¹
550 3721 656 3782 agros.-
681 3701 734 3780 vl'lll
864 3705 912 3762 bet
929 3709 954 3774 2,
975 3710 1031 3776 11.;
1061 3704 1175 3780 finisque
1196 3703 1242 3760 ille
1260 3715 1315 3764 tam

280 3793 308 3838 et
325 3782 382 3841 rell
402 3785 480 3846 eodd.
500 3787 533 3846 el.
552 3791 577 3858 2,
595 3793 638 3849 39.
864 3793 947 3848 effuse
966 3792 1093 3866 euagandi
1111 3791 1233 3850 Etruscis
1255 3791 1314 3852 luit.

219 3869 260 3926 11.
280 3871 353 3924 ιηοιί
368 3872 400 3928 si
413 3892 482 3930 nec:
496 3873 553 3934 ΡΜ.
575 3879 649 3934 moti
663 3897 732 3934 nec:
774 3907 777 3914 ⁴
823 3895 826 3904 ·
864 3881 912 3945 ab,
930 3879 994 3946 47⁶·
1016 3877 1088 3934 nullo
1113 3881 1183 3945 circo
1201 3879 1236 3956 nd
1254 3901 1333 3938 etun-¹

279 3953 353 4014 llarl.
371 3975 388 4016 ι.
667 4027 670 4034 .
863 3963 978 4038 gaudum
995 3962 1088 4023 relicto
1106 3969 1202 4042 spatio.
1219 3968 1312 4024 aL'-
1363 3999 1372 4012 κ

114 4065 118 4074 ’
218 4042 261 4102 14.
279 4041 389 4101 hostis.-
414 4042 442 4102 ld
465 4065 500 4108 m.
526 4049 550 4108 1.
573 4049 615 4123 Ρ]
639 4049 742 4109 Μεθ’
865 4047 907 4108 ll:
925 4051 1109 4132 suplicotqm.
1139 4057 1225 4122 sicin
1242 4052 1310 4110 Lau-

280 4133 291 4200 (
341 4149 376 4192 m.
394 4135 455 4207 ut·
865 4136 1023 4200 risbamensi
1039 4137 1109 4199 libro
1133 4141 1184 4202 hoe
1201 4141 1311 4204 verbum
