<?xml version="1.0" encoding="UTF-8"?>
<!DOCTYPE html PUBLIC "-//W3C//DTD XHTML 1.0 Transitional//EN"
    "http://www.w3.org/TR/xhtml1/DTD/xhtml1-transitional.dtd">
<html xmlns="http://www.w3.org/1999/xhtml" xml:lang="en" lang="en">
 <head>
  <title>
</title>
<meta http-equiv="Content-Type" content="text/html;charset=utf-8" />
  <meta name='ocr-system' content='tesseract 3.04.00' />
  <meta name='ocr-capabilities' content='ocr_page ocr_carea ocr_par ocr_line ocrx_word'/>
</head>
<body>
  <div class='ocr_page' id='page_1' title='image "./titilivirerumro02alscgoog_0595.png"; bbox 0 0 2750 4720; ppageno 0'>
   <div class='ocr_carea' id='block_1_1' title="bbox 215 283 282 354">
    <p class='ocr_par' dir='ltr' id='par_1_1' title="bbox 215 283 282 354">
     <span class='ocr_line' id='line_1_1' title="bbox 215 283 282 354; baseline 0.03 -2"><span class='ocrx_word' id='word_1_1' title='bbox 215 283 282 354; x_wconf 70' lang='grc'>581</span> 
     </span>
    </p>
   </div>
   <div class='ocr_carea' id='block_1_2' title="bbox 681 275 842 354">
    <p class='ocr_par' dir='ltr' id='par_1_2' title="bbox 681 275 842 354">
     <span class='ocr_line' id='line_1_2' title="bbox 681 275 842 354; baseline 0 0"><span class='ocrx_word' id='word_1_2' title='bbox 681 275 842 354; x_wconf 78' lang='lat' dir='ltr'>ussuv.</span> 
     </span>
    </p>
   </div>
   <div class='ocr_carea' id='block_1_3' title="bbox 166 455 1332 2121">
    <p class='ocr_par' dir='ltr' id='par_1_3' title="bbox 169 455 1332 1473">
     <span class='ocr_line' id='line_1_3' title="bbox 216 455 1332 553; baseline 0.002 -25"><span class='ocrx_word' id='word_1_3' title='bbox 216 483 364 553; x_wconf 80' lang='lat' dir='ltr'>agrorum</span> <span class='ocrx_word' id='word_1_4' title='bbox 391 459 588 552; x_wconf 83' lang='lat' dir='ltr'>praeberent.</span> <span class='ocrx_word' id='word_1_5' title='bbox 625 457 864 550; x_wconf 79' lang='lat' dir='ltr'>proficiscentes</span> <span class='ocrx_word' id='word_1_6' title='bbox 884 455 996 526; x_wconf 84' lang='lat' dir='ltr'>Gallos</span> <span class='ocrx_word' id='word_1_7' title='bbox 1010 457 1061 526; x_wconf 87' lang='lat' dir='ltr'>&#39;ab</span> <span class='ocrx_word' id='word_1_8' title='bbox 1089 456 1173 526; x_wconf 86' lang='lat' dir='ltr'>urbe</span> <span class='ocrx_word' id='word_1_9' title='bbox 1196 461 1246 527; x_wconf 82' lang='lat' dir='ltr'>ad</span> <span class='ocrx_word' id='word_1_10' title='bbox 1270 461 1332 530; x_wconf 75' lang='lat' dir='ltr'>Re</span> 
     </span>
     <span class='ocr_line' id='line_1_4' title="bbox 218 561 1332 656; baseline 0.001 -24"><span class='ocrx_word' id='word_1_11' title='bbox 218 589 347 634; x_wconf 86' lang='lat' dir='ltr'>marram</span> <span class='ocrx_word' id='word_1_12' title='bbox 369 563 596 656; x_wconf 83' lang='lat' dir='ltr'>experiendam</span> <span class='ocrx_word' id='word_1_13' title='bbox 617 563 767 632; x_wconf 85' lang='lat' dir='ltr'>virtutem</span> <span class='ocrx_word' id='word_1_14' title='bbox 788 561 915 630; x_wconf 76' lang='lat' dir='ltr'><strong>foruna</strong></span> <span class='ocrx_word' id='word_1_15' title='bbox 936 561 1006 653; x_wconf 83' lang='lat' dir='ltr'>ipsa</span> <span class='ocrx_word' id='word_1_16' title='bbox 1019 562 1170 646; x_wconf 83' lang='lat' dir='ltr'>Ardeam,</span> <span class='ocrx_word' id='word_1_17' title='bbox 1192 565 1260 632; x_wconf 88' lang='lat' dir='ltr'>ubi</span> <span class='ocrx_word' id='word_1_18' title='bbox 1275 565 1332 634; x_wconf 72' lang='lat' dir='ltr'>Cs</span> 
     </span>
     <span class='ocr_line' id='line_1_5' title="bbox 216 665 1331 761; baseline -0.002 -23"><span class='ocrx_word' id='word_1_19' title='bbox 216 669 323 738; x_wconf 80' lang='lat' dir='ltr'>mitius</span> <span class='ocrx_word' id='word_1_20' title='bbox 336 669 495 754; x_wconf 77' lang='lat' dir='ltr'><strong>exulabat,</strong></span> <span class='ocrx_word' id='word_1_21' title='bbox 509 669 613 738; x_wconf 77' lang='lat' dir='ltr'>duxit:</span> <span class='ocrx_word' id='word_1_22' title='bbox 636 667 692 760; x_wconf 89' lang='lat' dir='ltr'>qui</span> <span class='ocrx_word' id='word_1_23' title='bbox 706 665 857 736; x_wconf 86' lang='lat' dir='ltr'>maestior</span> <span class='ocrx_word' id='word_1_24' title='bbox 870 665 913 733; x_wconf 91' lang='lat' dir='ltr'>ibi</span> <span class='ocrx_word' id='word_1_25' title='bbox 928 665 1055 734; x_wconf 71' lang='lat' dir='ltr'>foruna</span> <span class='ocrx_word' id='word_1_26' title='bbox 1069 666 1202 758; x_wconf 83' lang='lat' dir='ltr'>publiea</span> <span class='ocrx_word' id='word_1_27' title='bbox 1226 695 1331 761; x_wconf 76' lang='lat' dir='ltr'>qum</span> 
     </span>
     <span class='ocr_line' id='line_1_6' title="bbox 218 769 1330 864; baseline 0.002 -22"><span class='ocrx_word' id='word_1_28' title='bbox 218 797 276 842; x_wconf 86' lang='lat' dir='ltr'>sua</span> <span class='ocrx_word' id='word_1_29' title='bbox 299 799 374 846; x_wconf 85' lang='lat' dir='ltr'>cum</span> <span class='ocrx_word' id='word_1_30' title='bbox 396 775 454 842; x_wconf 90' lang='lat' dir='ltr'>diis</span> <span class='ocrx_word' id='word_1_31' title='bbox 468 772 716 864; x_wconf 72' lang='lat' dir='ltr'><strong>hominibusque</strong></span> <span class='ocrx_word' id='word_1_32' title='bbox 732 769 917 840; x_wconf 73' lang='lat' dir='ltr'>aeuusndis</span> <span class='ocrx_word' id='word_1_33' title='bbox 931 783 1113 840; x_wconf 80' lang='lat' dir='ltr'>senesceret</span> <span class='ocrx_word' id='word_1_34' title='bbox 1126 771 1330 864; x_wconf 77' lang='lat' dir='ltr'>indignando</span> 
     </span>
     <span class='ocr_line' id='line_1_7' title="bbox 187 875 1331 971; baseline 0 -23"><span class='ocrx_word' id='word_1_35' title='bbox 187 879 442 971; x_wconf 75' lang='lat' dir='ltr'>tmirendoque,</span> <span class='ocrx_word' id='word_1_36' title='bbox 470 876 526 946; x_wconf 87' lang='lat' dir='ltr'>ubi</span> <span class='ocrx_word' id='word_1_37' title='bbox 547 877 592 948; x_wconf 91' lang='lat' dir='ltr'>illi</span> <span class='ocrx_word' id='word_1_38' title='bbox 614 877 672 948; x_wconf 86' lang='lat' dir='ltr'>viri</span> <span class='ocrx_word' id='word_1_39' title='bbox 694 887 803 945; x_wconf 87' lang='lat' dir='ltr'>esseut</span> <span class='ocrx_word' id='word_1_40' title='bbox 829 875 885 966; x_wconf 83' lang='lat' dir='ltr'>qui</span> <span class='ocrx_word' id='word_1_41' title='bbox 910 897 1023 944; x_wconf 86' lang='lat' dir='ltr'>secum</span> <span class='ocrx_word' id='word_1_42' title='bbox 1045 875 1146 946; x_wconf 84' lang='lat' dir='ltr'>Veios</span> <span class='ocrx_word' id='word_1_43' title='bbox 1168 877 1331 948; x_wconf 78' lang='lat' dir='ltr'>Falerios</span> 
     </span>
     <span class='ocr_line' id='line_1_8' title="bbox 216 980 1329 1078; baseline 0 -26"><span class='ocrx_word' id='word_1_44' title='bbox 216 1009 280 1076; x_wconf 83' lang='lat' dir='ltr'>que</span> <span class='ocrx_word' id='word_1_45' title='bbox 303 983 462 1078; x_wconf 76' lang='lat' dir='ltr'>cepissent</span> <span class='ocrx_word' id='word_1_46' title='bbox 490 983 546 1075; x_wconf 82' lang='lat' dir='ltr'>qui</span> <span class='ocrx_word' id='word_1_47' title='bbox 573 983 633 1052; x_wconf 87' lang='lat' dir='ltr'>alia</span> <span class='ocrx_word' id='word_1_48' title='bbox 661 981 747 1052; x_wconf 89' lang='lat' dir='ltr'>bella</span> <span class='ocrx_word' id='word_1_49' title='bbox 772 980 885 1049; x_wconf 82' lang='lat' dir='ltr'>fortius</span> <span class='ocrx_word' id='word_1_50' title='bbox 912 1003 1041 1072; x_wconf 83' lang='lat' dir='ltr'>semper</span> <span class='ocrx_word' id='word_1_51' title='bbox 1069 1005 1170 1073; x_wconf 84' lang='lat' dir='ltr'><strong>quam</strong></span> <span class='ocrx_word' id='word_1_52' title='bbox 1202 983 1329 1052; x_wconf 75' lang='lat' dir='ltr'>felicius</span> 
     </span>
     <span class='ocr_line' id='line_1_9' title="bbox 215 1083 1332 1181; baseline -0.001 -24"><span class='ocrx_word' id='word_1_53' title='bbox 215 1089 400 1180; x_wconf 78' lang='lat' dir='ltr'>gessissent,</span> <span class='ocrx_word' id='word_1_54' title='bbox 427 1101 559 1181; x_wconf 86' lang='lat' dir='ltr'>repente</span> <span class='ocrx_word' id='word_1_55' title='bbox 581 1087 669 1156; x_wconf 87' lang='lat' dir='ltr'>audit</span> <span class='ocrx_word' id='word_1_56' title='bbox 690 1086 856 1156; x_wconf 81' lang='lat' dir='ltr'><strong>Gallomm</strong></span> <span class='ocrx_word' id='word_1_57' title='bbox 877 1083 1054 1152; x_wconf 87' lang='lat' dir='ltr'>exercitum</span> <span class='ocrx_word' id='word_1_58' title='bbox 1081 1087 1266 1158; x_wconf 78' lang='lat' dir='ltr'>adventare</span> <span class='ocrx_word' id='word_1_59' title='bbox 1290 1101 1332 1156; x_wconf 83' lang='lat' dir='ltr'>at·</span> 
     </span>
     <span class='ocr_line' id='line_1_10' title="bbox 215 1189 1331 1287; baseline -0.002 -25"><span class='ocrx_word' id='word_1_60' title='bbox 215 1217 280 1284; x_wconf 85' lang='lat' dir='ltr'>que</span> <span class='ocrx_word' id='word_1_61' title='bbox 303 1195 344 1264; x_wconf 89' lang='lat' dir='ltr'>de</span> <span class='ocrx_word' id='word_1_62' title='bbox 366 1219 406 1265; x_wconf 88' lang='lat' dir='ltr'>eo</span> <span class='ocrx_word' id='word_1_63' title='bbox 428 1194 561 1287; x_wconf 88' lang='lat' dir='ltr'>pavidos</span> <span class='ocrx_word' id='word_1_64' title='bbox 574 1192 728 1264; x_wconf 79' lang='lat' dir='ltr'>Ardeates</span> <span class='ocrx_word' id='word_1_65' title='bbox 749 1189 946 1260; x_wconf 80' lang='lat' dir='ltr'>consultare:</span> <span class='ocrx_word' id='word_1_66' title='bbox 967 1211 1029 1258; x_wconf 84' lang='lat' dir='ltr'>nec</span> <span class='ocrx_word' id='word_1_67' title='bbox 1050 1213 1146 1258; x_wconf 86' lang='lat' dir='ltr'>secus</span> <span class='ocrx_word' id='word_1_68' title='bbox 1159 1217 1273 1284; x_wconf 84' lang='lat' dir='ltr'><strong>quam</strong></span> <span class='ocrx_word' id='word_1_69' title='bbox 1291 1193 1331 1260; x_wconf 77' lang='lat' dir='ltr'>di</span> 
     </span>
     <span class='ocr_line' id='line_1_11' title="bbox 215 1293 1331 1390; baseline -0.002 -22"><span class='ocrx_word' id='word_1_70' title='bbox 215 1299 291 1368; x_wconf 87' lang='lat' dir='ltr'>vino</span> <span class='ocrx_word' id='word_1_71' title='bbox 313 1299 423 1390; x_wconf 85' lang='lat' dir='ltr'>spiritu</span> <span class='ocrx_word' id='word_1_72' title='bbox 445 1309 549 1368; x_wconf 76' lang='lat' dir='ltr'>unus</span> <span class='ocrx_word' id='word_1_73' title='bbox 571 1321 646 1366; x_wconf 84' lang='lat' dir='ltr'>uum</span> <span class='ocrx_word' id='word_1_74' title='bbox 667 1319 703 1366; x_wconf 84' lang='lat' dir='ltr'>se</span> <span class='ocrx_word' id='word_1_75' title='bbox 732 1295 764 1364; x_wconf 86' lang='lat' dir='ltr'>iu</span> <span class='ocrx_word' id='word_1_76' title='bbox 785 1293 925 1364; x_wconf 86' lang='lat' dir='ltr'>mediam</span> <span class='ocrx_word' id='word_1_77' title='bbox 953 1294 1138 1364; x_wconf 85' lang='lat' dir='ltr'>contionem</span> <span class='ocrx_word' id='word_1_78' title='bbox 1162 1296 1331 1366; x_wconf 83' lang='lat' dir='ltr'>intulisset</span> 
     </span>
     <span class='ocr_line' id='line_1_12' title="bbox 169 1399 974 1473; baseline -0.005 -1"><span class='ocrx_word' id='word_1_79' title='bbox 169 1403 373 1472; x_wconf 78' lang='lat' dir='ltr'>tuabstinere</span> <span class='ocrx_word' id='word_1_80' title='bbox 395 1413 510 1472; x_wconf 83' lang='lat' dir='ltr'>suetus</span> <span class='ocrx_word' id='word_1_81' title='bbox 529 1411 603 1473; x_wconf 88' lang='lat' dir='ltr'>ante</span> <span class='ocrx_word' id='word_1_82' title='bbox 625 1399 740 1468; x_wconf 84' lang='lat' dir='ltr'>talibus</span> <span class='ocrx_word' id='word_1_83' title='bbox 767 1399 907 1468; x_wconf 83' lang='lat' dir='ltr'>conciliis</span> <span class='ocrx_word' id='word_1_84' title='bbox 928 1439 974 1456; x_wconf 69' lang='grc' dir='ltr'>«ι-</span> 
     </span>
    </p>

    <p class='ocr_par' dir='ltr' id='par_1_4' title="bbox 214 1501 1330 1914">
     <span class='ocr_line' id='line_1_13' title="bbox 302 1501 1327 1596; baseline -0.002 -20"><span class='ocrx_word' id='word_1_85' title='bbox 302 1505 417 1578; x_wconf 84' lang='lat' dir='ltr'><strong>XLIV.</strong></span> <span class='ocrx_word' id='word_1_86' title='bbox 461 1507 664 1594; x_wconf 82' lang='lat' dir='ltr'>‚‚Ardeates“</span> <span class='ocrx_word' id='word_1_87' title='bbox 685 1503 788 1596; x_wconf 89' lang='lat' dir='ltr'>inquit</span> <span class='ocrx_word' id='word_1_88' title='bbox 811 1515 961 1588; x_wconf 84' lang='lat' dir='ltr'>„veteres</span> <span class='ocrx_word' id='word_1_89' title='bbox 984 1501 1090 1586; x_wconf 83' lang='lat' dir='ltr'>amici,</span> <span class='ocrx_word' id='word_1_90' title='bbox 1124 1505 1204 1574; x_wconf 86' lang='lat' dir='ltr'>novi</span> <span class='ocrx_word' id='word_1_91' title='bbox 1227 1507 1327 1574; x_wconf 82' lang='lat' dir='ltr'>etiam</span> 
     </span>
     <span class='ocr_line' id='line_1_14' title="bbox 215 1607 1329 1705; baseline 0 -25"><span class='ocrx_word' id='word_1_92' title='bbox 215 1612 301 1681; x_wconf 81' lang='lat' dir='ltr'>cives</span> <span class='ocrx_word' id='word_1_93' title='bbox 323 1611 387 1680; x_wconf 85' lang='lat' dir='ltr'>mei</span> <span class='ocrx_word' id='word_1_94' title='bbox 408 1647 452 1668; x_wconf 66' lang='lat' dir='ltr'>n—</span> <span class='ocrx_word' id='word_1_95' title='bbox 475 1611 605 1705; x_wconf 87' lang='lat' dir='ltr'><strong>quaudu</strong></span> <span class='ocrx_word' id='word_1_96' title='bbox 626 1621 661 1680; x_wconf 87' lang='lat' dir='ltr'>et</span> <span class='ocrx_word' id='word_1_97' title='bbox 681 1618 824 1678; x_wconf 83' lang='lat' dir='ltr'>vestrum</span> <span class='ocrx_word' id='word_1_98' title='bbox 845 1607 1035 1678; x_wconf 84' lang='lat' dir='ltr'>beneficium</span> <span class='ocrx_word' id='word_1_99' title='bbox 1055 1608 1100 1675; x_wconf 87' lang='lat' dir='ltr'>ita</span> <span class='ocrx_word' id='word_1_100' title='bbox 1117 1609 1193 1683; x_wconf 86' lang='lat' dir='ltr'>tulit</span> <span class='ocrx_word' id='word_1_101' title='bbox 1214 1622 1254 1680; x_wconf 89' lang='lat' dir='ltr'>et</span> <span class='ocrx_word' id='word_1_102' title='bbox 1269 1612 1329 1680; x_wconf 82' lang='lat' dir='ltr'>ier·</span> 
     </span>
     <span class='ocr_line' id='line_1_15' title="bbox 214 1707 1328 1810; baseline -0.001 -27"><span class='ocrx_word' id='word_1_103' title='bbox 214 1726 292 1800; x_wconf 86' lang='lat' dir='ltr'>tuna</span> <span class='ocrx_word' id='word_1_104' title='bbox 314 1716 379 1786; x_wconf 86' lang='lat' dir='ltr'>hoc</span> <span class='ocrx_word' id='word_1_105' title='bbox 400 1719 465 1810; x_wconf 79' lang='lat' dir='ltr'>egit</span> <span class='ocrx_word' id='word_1_106' title='bbox 485 1739 559 1788; x_wconf 85' lang='lat' dir='ltr'>mea</span> <span class='ocrx_word' id='word_1_107' title='bbox 580 1755 625 1770; x_wconf 90' lang='lat'>-</span> <span class='ocrx_word' id='word_1_108' title='bbox 639 1737 736 1784; x_wconf 89' lang='lat' dir='ltr'>nemo</span> <span class='ocrx_word' id='word_1_109' title='bbox 752 1723 894 1782; x_wconf 74' lang='lat' dir='ltr'>vestrum</span> <span class='ocrx_word' id='word_1_110' title='bbox 916 1707 1111 1782; x_wconf 83' lang='lat' dir='ltr'>condicionis</span> <span class='ocrx_word' id='word_1_111' title='bbox 1133 1735 1233 1782; x_wconf 85' lang='lat' dir='ltr'>meae</span> <span class='ocrx_word' id='word_1_112' title='bbox 1251 1713 1328 1784; x_wconf 81' lang='lat' dir='ltr'>obli</span> 
     </span>
     <span class='ocr_line' id='line_1_16' title="bbox 214 1815 1330 1914; baseline -0.001 -26"><span class='ocrx_word' id='word_1_113' title='bbox 214 1832 285 1888; x_wconf 86' lang='lat' dir='ltr'>turn</span> <span class='ocrx_word' id='word_1_114' title='bbox 307 1845 360 1890; x_wconf 84' lang='lat' dir='ltr'>me</span> <span class='ocrx_word' id='word_1_115' title='bbox 382 1819 447 1892; x_wconf 84' lang='lat' dir='ltr'><strong>h&#39;uc</strong></span> <span class='ocrx_word' id='word_1_116' title='bbox 469 1820 664 1914; x_wconf 83' lang='lat' dir='ltr'>processisse</span> <span class='ocrx_word' id='word_1_117' title='bbox 686 1829 793 1912; x_wconf 84' lang='lat' dir='ltr'>putet:</span> <span class='ocrx_word' id='word_1_118' title='bbox 820 1818 877 1886; x_wconf 85' lang='lat' dir='ltr'>sed</span> <span class='ocrx_word' id='word_1_119' title='bbox 899 1840 952 1884; x_wconf 84' lang='lat' dir='ltr'>res</span> <span class='ocrx_word' id='word_1_120' title='bbox 973 1841 1012 1886; x_wconf 86' lang='lat' dir='ltr'>ae</span> <span class='ocrx_word' id='word_1_121' title='bbox 1034 1815 1215 1910; x_wconf 82' lang='lat' dir='ltr'>perieulum</span> <span class='ocrx_word' id='word_1_122' title='bbox 1242 1843 1330 1887; x_wconf 22' lang='lat' dir='ltr'>euru*v</span> 
     </span>
    </p>

    <p class='ocr_par' dir='ltr' id='par_1_5' title="bbox 166 1920 1327 2121">
     <span class='ocr_line' id='line_1_17' title="bbox 166 1920 1327 2018; baseline -0.003 -26"><span class='ocrx_word' id='word_1_123' title='bbox 166 1933 314 1993; x_wconf 74' lang='lat' dir='ltr'>remane</span> <span class='ocrx_word' id='word_1_124' title='bbox 337 1925 437 2017; x_wconf 80' lang='lat' dir='ltr'>cogit,</span> <span class='ocrx_word' id='word_1_125' title='bbox 465 1927 553 2018; x_wconf 85' lang='lat' dir='ltr'><strong>quod</strong></span> <span class='ocrx_word' id='word_1_126' title='bbox 575 1923 712 2017; x_wconf 85' lang='lat' dir='ltr'>quisque</span> <span class='ocrx_word' id='word_1_127' title='bbox 734 1921 837 2014; x_wconf 86' lang='lat' dir='ltr'>possit</span> <span class='ocrx_word' id='word_1_128' title='bbox 856 1920 889 1988; x_wconf 88' lang='lat' dir='ltr'>in</span> <span class='ocrx_word' id='word_1_129' title='bbox 910 1946 945 1990; x_wconf 90' lang='lat' dir='ltr'>re</span> <span class='ocrx_word' id='word_1_130' title='bbox 968 1922 1091 2013; x_wconf 85' lang='lat' dir='ltr'>trepida</span> <span class='ocrx_word' id='word_1_131' title='bbox 1117 1921 1277 2012; x_wconf 81' lang='lat' dir='ltr'>praesidii</span> <span class='ocrx_word' id='word_1_132' title='bbox 1297 1922 1327 1988; x_wconf 87' lang='lat' dir='ltr'>iu</span> 
     </span>
     <span class='ocr_line' id='line_1_18' title="bbox 213 2026 1327 2121; baseline -0.003 -26"><span class='ocrx_word' id='word_1_133' title='bbox 213 2029 355 2098; x_wconf 85' lang='lat' dir='ltr'>medium</span> <span class='ocrx_word' id='word_1_134' title='bbox 377 2031 533 2101; x_wconf 83' lang='lat' dir='ltr'>conferre.</span> <span class='ocrx_word' id='word_1_135' title='bbox 571 2041 607 2100; x_wconf 86' lang='lat' dir='ltr'>et</span> <span class='ocrx_word' id='word_1_136' title='bbox 626 2028 755 2121; x_wconf 86' lang='lat' dir='ltr'><strong>quanda</strong></span> <span class='ocrx_word' id='word_1_137' title='bbox 778 2050 839 2120; x_wconf 75' lang='lat' dir='ltr'>ego</span> <span class='ocrx_word' id='word_1_138' title='bbox 853 2026 947 2096; x_wconf 85' lang='lat' dir='ltr'>vobis</span> <span class='ocrx_word' id='word_1_139' title='bbox 965 2051 1027 2119; x_wconf 87' lang='lat' dir='ltr'>pro</span> <span class='ocrx_word' id='word_1_140' title='bbox 1049 2026 1144 2096; x_wconf 80' lang='lat' dir='ltr'>tsnu&#39;s</span> <span class='ocrx_word' id='word_1_141' title='bbox 1160 2028 1282 2094; x_wconf 84' lang='lat' dir='ltr'>vestris</span> <span class='ocrx_word' id='word_1_142' title='bbox 1296 2027 1327 2092; x_wconf 86' lang='lat' dir='ltr'>in</span> 
     </span>
    </p>
   </div>
   <div class='ocr_carea' id='block_1_4' title="bbox 212 2129 1326 2226">
    <p class='ocr_par' dir='ltr' id='par_1_6' title="bbox 50 2128 1326 2236">
     <span class='ocr_line' id='line_1_19' title="bbox 212 2129 1326 2226; baseline -0.004 -24.635"><span class='ocrx_word' id='word_1_143' title='bbox 212 2157 267 2202; x_wconf 87' lang='lat' dir='ltr'>me</span> <span class='ocrx_word' id='word_1_144' title='bbox 294 2135 416 2206; x_wconf 85' lang='lat' dir='ltr'>meritis</span> <span class='ocrx_word' id='word_1_145' title='bbox 444 2135 578 2226; x_wconf 77' lang='lat' dir='ltr'>gratiam</span> <span class='ocrx_word' id='word_1_146' title='bbox 604 2135 758 2216; x_wconf 85' lang='lat' dir='ltr'>referam,</span> <span class='ocrx_word' id='word_1_147' title='bbox 790 2133 818 2202; x_wconf 87' lang='lat' dir='ltr'>si</span> <span class='ocrx_word' id='word_1_148' title='bbox 844 2153 930 2201; x_wconf 80' lang='lat' dir='ltr'>nrme</span> <span class='ocrx_word' id='word_1_149' title='bbox 957 2131 1147 2201; x_wconf 77' lang='lat' dir='ltr'>cessavere?</span> <span class='ocrx_word' id='word_1_150' title='bbox 1184 2143 1248 2199; x_wconf 84' lang='lat' dir='ltr'>aut</span> <span class='ocrx_word' id='word_1_151' title='bbox 1274 2129 1326 2198; x_wconf 91' lang='lat' dir='ltr'>ubi</span> 
     </span>
    </p>
   </div>
   <div class='ocr_carea' id='block_1_5' title="bbox 210 2235 1326 2432">
    <p class='ocr_par' dir='ltr' id='par_1_7' title="bbox 210 2235 1326 2432">
     <span class='ocr_line' id='line_1_20' title="bbox 211 2235 1326 2322; baseline 0.004 -22"><span class='ocrx_word' id='word_1_152' title='bbox 211 2257 289 2304; x_wconf 84' lang='lat' dir='ltr'>usus</span> <span class='ocrx_word' id='word_1_153' title='bbox 311 2239 371 2306; x_wconf 84' lang='lat' dir='ltr'>erit</span> <span class='ocrx_word' id='word_1_154' title='bbox 397 2240 463 2307; x_wconf 88' lang='lat' dir='ltr'>mei</span> <span class='ocrx_word' id='word_1_155' title='bbox 486 2239 594 2322; x_wconf 84' lang='lat' dir='ltr'>vobis,</span> <span class='ocrx_word' id='word_1_156' title='bbox 627 2239 653 2304; x_wconf 90' lang='lat' dir='ltr'>si</span> <span class='ocrx_word' id='word_1_157' title='bbox 680 2239 714 2305; x_wconf 90' lang='lat' dir='ltr'>in</span> <span class='ocrx_word' id='word_1_158' title='bbox 738 2237 831 2305; x_wconf 80' lang='lat' dir='ltr'>&#39;bellu</span> <span class='ocrx_word' id='word_1_159' title='bbox 859 2259 926 2308; x_wconf 83' lang='lat' dir='ltr'>non</span> <span class='ocrx_word' id='word_1_160' title='bbox 953 2235 1068 2306; x_wconf 75' lang='lat' dir='ltr'>fuerit?</span> <span class='ocrx_word' id='word_1_161' title='bbox 1103 2235 1168 2304; x_wconf 87' lang='lat' dir='ltr'>hae</span> <span class='ocrx_word' id='word_1_162' title='bbox 1195 2235 1326 2304; x_wconf 71' lang='lat' dir='ltr'>arrein</span> 
     </span>
     <span class='ocr_line' id='line_1_21' title="bbox 210 2337 1323 2432; baseline 0 -26"><span class='ocrx_word' id='word_1_163' title='bbox 210 2337 311 2429; x_wconf 89' lang='lat' dir='ltr'>patria</span> <span class='ocrx_word' id='word_1_164' title='bbox 344 2342 417 2410; x_wconf 86' lang='lat' dir='ltr'>steti</span> <span class='ocrx_word' id='word_1_165' title='bbox 449 2353 481 2410; x_wconf 86' lang='lat' dir='ltr'>et</span> <span class='ocrx_word' id='word_1_166' title='bbox 512 2341 649 2410; x_wconf 82' lang='lat' dir='ltr'>invictus</span> <span class='ocrx_word' id='word_1_167' title='bbox 676 2341 762 2410; x_wconf 85' lang='lat' dir='ltr'>bello</span> <span class='ocrx_word' id='word_1_168' title='bbox 794 2341 829 2408; x_wconf 88' lang='lat' dir='ltr'>in</span> <span class='ocrx_word' id='word_1_169' title='bbox 855 2363 937 2432; x_wconf 83' lang='lat' dir='ltr'>paee</span> <span class='ocrx_word' id='word_1_170' title='bbox 963 2341 1005 2412; x_wconf 89' lang='lat' dir='ltr'>ab</span> <span class='ocrx_word' id='word_1_171' title='bbox 1038 2339 1167 2432; x_wconf 78' lang='lat' dir='ltr'>ingratis</span> <span class='ocrx_word' id='word_1_172' title='bbox 1197 2340 1323 2410; x_wconf 70' lang='lat' dir='ltr'>civibus</span> 
     </span>
    </p>
   </div>
   <div class='ocr_carea' id='block_1_6' title="bbox 63 2443 733 2556">
    <p class='ocr_par' dir='ltr' id='par_1_8' title="bbox 63 2443 733 2556">
     <span class='ocr_line' id='line_1_22' title="bbox 63 2443 733 2556; baseline 0.003 -43"><span class='ocrx_word' id='word_1_173' title='bbox 63 2459 64 2462; x_wconf 75' lang='grc'>’</span> <span class='ocrx_word' id='word_1_174' title='bbox 164 2443 322 2556; x_wconf 63' lang='lat' dir='ltr'>muralem</span> <span class='ocrx_word' id='word_1_175' title='bbox 360 2447 443 2516; x_wconf 79' lang='lat' dir='ltr'>sirm.</span> <span class='ocrx_word' id='word_1_176' title='bbox 493 2444 586 2515; x_wconf 85' lang='lat' dir='ltr'>vobis</span> <span class='ocrx_word' id='word_1_177' title='bbox 625 2457 733 2518; x_wconf 83' lang='lat' dir='ltr'>autern</span> 
     </span>
    </p>
   </div>
   <div class='ocr_carea' id='block_1_7' title="bbox 210 2665 732 4049">
    <p class='ocr_par' dir='ltr' id='par_1_9' title="bbox 210 2665 732 4049">
     <span class='ocr_line' id='line_1_23' title="bbox 230 2665 732 2743; baseline 0 -19"><span class='ocrx_word' id='word_1_178' title='bbox 230 2667 257 2728; x_wconf 86' lang='lat'>1.</span> <span class='ocrx_word' id='word_1_179' title='bbox 275 2665 320 2722; x_wconf 75' lang='lat' dir='ltr'>ad</span> <span class='ocrx_word' id='word_1_180' title='bbox 339 2685 495 2726; x_wconf 73' lang='lat' dir='ltr'>remuriam</span> <span class='ocrx_word' id='word_1_181' title='bbox 514 2665 732 2743; x_wconf 64' lang='lat' dir='ltr'>expertarum</span> 
     </span>
     <span class='ocr_line' id='line_1_24' title="bbox 273 2751 732 2814; baseline 0.009 -4"><span class='ocrx_word' id='word_1_182' title='bbox 273 2754 428 2814; x_wconf 74' lang='lat' dir='ltr'>uirtutem.-</span> <span class='ocrx_word' id='word_1_183' title='bbox 445 2752 468 2812; x_wconf 87' lang='lat' dir='ltr'>P</span> <span class='ocrx_word' id='word_1_184' title='bbox 480 2774 517 2812; x_wconf 90' lang='lat' dir='ltr'>m.</span> <span class='ocrx_word' id='word_1_185' title='bbox 529 2753 644 2814; x_wconf 55' lang='grc'><strong>2111.-</strong></span> <span class='ocrx_word' id='word_1_186' title='bbox 660 2751 683 2812; x_wconf 90' lang='lat' dir='ltr'><strong>P</strong></span> <span class='ocrx_word' id='word_1_187' title='bbox 696 2773 732 2814; x_wconf 89' lang='lat' dir='ltr'>m.</span> 
     </span>
     <span class='ocr_line' id='line_1_25' title="bbox 275 2840 732 2901; baseline -0.002 -2"><span class='ocrx_word' id='word_1_188' title='bbox 275 2843 307 2899; x_wconf 86' lang='lat'>1:</span> <span class='ocrx_word' id='word_1_189' title='bbox 326 2840 361 2896; x_wconf 85' lang='lat' dir='ltr'>sd</span> <span class='ocrx_word' id='word_1_190' title='bbox 373 2861 485 2901; x_wconf 77' lang='lat' dir='ltr'>romam.</span> <span class='ocrx_word' id='word_1_191' title='bbox 497 2873 532 2886; x_wconf 88' lang='lat'><em>-</em></span> <span class='ocrx_word' id='word_1_192' title='bbox 545 2840 610 2898; x_wconf 80' lang='lat' dir='ltr'>PM:</span> <span class='ocrx_word' id='word_1_193' title='bbox 628 2841 676 2899; x_wconf 87' lang='lat' dir='ltr'>ubi</span> <span class='ocrx_word' id='word_1_194' title='bbox 688 2861 732 2898; x_wconf 89' lang='lat' dir='ltr'>ea·</span> 
     </span>
     <span class='ocr_line' id='line_1_26' title="bbox 275 2923 732 2992; baseline 0.011 -9"><span class='ocrx_word' id='word_1_195' title='bbox 275 2923 366 2992; x_wconf 71' lang='lat' dir='ltr'>suillus</span> <span class='ocrx_word' id='word_1_196' title='bbox 375 2926 507 2988; x_wconf 79' lang='lat' dir='ltr'>exulabat.</span> <span class='ocrx_word' id='word_1_197' title='bbox 516 2961 548 2972; x_wconf 92' lang='lat'>-</span> <span class='ocrx_word' id='word_1_198' title='bbox 563 2927 600 2984; x_wconf 74' lang='lat'>1²2</span> <span class='ocrx_word' id='word_1_199' title='bbox 613 2931 732 2988; x_wconf 83' lang='lat' dir='ltr'>mestior.</span> 
     </span>
     <span class='ocr_line' id='line_1_27' title="bbox 274 3011 732 3092; baseline 0.004 -22"><span class='ocrx_word' id='word_1_200' title='bbox 274 3041 309 3058; x_wconf 77' lang='lat'>-</span> <span class='ocrx_word' id='word_1_201' title='bbox 327 3011 356 3070; x_wconf 78' lang='grc'>111</span> <span class='ocrx_word' id='word_1_202' title='bbox 378 3031 414 3074; x_wconf 86' lang='lat' dir='ltr'>m.</span> <span class='ocrx_word' id='word_1_203' title='bbox 434 3017 472 3072; x_wconf 73' lang='lat' dir='ltr'>1.s</span> <span class='ocrx_word' id='word_1_204' title='bbox 495 3015 601 3072; x_wconf 71' lang='lat' dir='ltr'>fertum</span> <span class='ocrx_word' id='word_1_205' title='bbox 622 3013 732 3092; x_wconf 80' lang='lat' dir='ltr'><strong>publica</strong></span> 
     </span>
     <span class='ocr_line' id='line_1_28' title="bbox 275 3099 730 3174; baseline 0.02 -23"><span class='ocrx_word' id='word_1_206' title='bbox 275 3115 356 3174; x_wconf 78' lang='lat' dir='ltr'><strong>quum</strong></span> <span class='ocrx_word' id='word_1_207' title='bbox 364 3116 452 3158; x_wconf 78' lang='lat' dir='ltr'>susm.</span> <span class='ocrx_word' id='word_1_208' title='bbox 461 3129 495 3144; x_wconf 91' lang='lat'>·-·</span> <span class='ocrx_word' id='word_1_209' title='bbox 505 3099 730 3162; x_wconf 58' lang='lat' dir='ltr'>praeamantis.</span> 
     </span>
     <span class='ocr_line' id='line_1_29' title="bbox 228 3183 728 3246; baseline 0 -2"><span class='ocrx_word' id='word_1_210' title='bbox 228 3187 255 3246; x_wconf 80' lang='lat'>5.</span> <span class='ocrx_word' id='word_1_211' title='bbox 273 3185 324 3242; x_wconf 81' lang='lat' dir='ltr'>ubi</span> <span class='ocrx_word' id='word_1_212' title='bbox 340 3183 388 3242; x_wconf 82' lang='lat' dir='ltr'>illi</span> <span class='ocrx_word' id='word_1_213' title='bbox 404 3184 464 3241; x_wconf 80' lang='lat' dir='ltr'>uiri</span> <span class='ocrx_word' id='word_1_214' title='bbox 479 3193 595 3244; x_wconf 73' lang='lat' dir='ltr'>essent.-</span> <span class='ocrx_word' id='word_1_215' title='bbox 618 3185 675 3246; x_wconf 81' lang='lat' dir='ltr'><strong>Pul.</strong></span> <span class='ocrx_word' id='word_1_216' title='bbox 694 3217 728 3233; x_wconf 57' lang='grc' dir='ltr'>-ν</span> 
     </span>
     <span class='ocr_line' id='line_1_30' title="bbox 272 3269 712 3349; baseline 0 -13"><span class='ocrx_word' id='word_1_217' title='bbox 272 3271 350 3336; x_wconf 69' lang='lat' dir='ltr'>tud.</span> <span class='ocrx_word' id='word_1_218' title='bbox 367 3289 399 3334; x_wconf 69' lang='grc' dir='ltr'>ιε</span> <span class='ocrx_word' id='word_1_219' title='bbox 418 3270 466 3328; x_wconf 86' lang='lat' dir='ltr'>ubi</span> <span class='ocrx_word' id='word_1_220' title='bbox 483 3273 536 3328; x_wconf 86' lang='lat' dir='ltr'>uiri</span> <span class='ocrx_word' id='word_1_221' title='bbox 553 3269 595 3334; x_wconf 82' lang='lat' dir='ltr'>illi</span> <span class='ocrx_word' id='word_1_222' title='bbox 613 3280 712 3349; x_wconf 70' lang='lat' dir='ltr'>esseut.</span> 
     </span>
     <span class='ocr_line' id='line_1_31' title="bbox 225 3359 729 3448; baseline -0.006 -28"><span class='ocrx_word' id='word_1_223' title='bbox 225 3363 259 3448; x_wconf 72' lang='grc'>,7.1</span> <span class='ocrx_word' id='word_1_224' title='bbox 273 3369 394 3434; x_wconf 75' lang='lat' dir='ltr'>repente</span> <span class='ocrx_word' id='word_1_225' title='bbox 411 3359 511 3420; x_wconf 72' lang='lat' dir='ltr'>audit:</span> <span class='ocrx_word' id='word_1_226' title='bbox 529 3359 565 3422; x_wconf 75' lang='grc'><strong>11.</strong></span> <span class='ocrx_word' id='word_1_227' title='bbox 578 3393 611 3404; x_wconf 91' lang='grc'>-</span> <span class='ocrx_word' id='word_1_228' title='bbox 628 3359 668 3421; x_wconf 82' lang='lat' dir='ltr'>P:</span> <span class='ocrx_word' id='word_1_229' title='bbox 687 3381 729 3418; x_wconf 81' lang='lat' dir='ltr'>re·</span> 
     </span>
     <span class='ocr_line' id='line_1_32' title="bbox 252 3447 483 3528; baseline 0.052 -30"><span class='ocrx_word' id='word_1_230' title='bbox 252 3491 254 3498; x_wconf 77' lang='grc'>,</span> <span class='ocrx_word' id='word_1_231' title='bbox 270 3456 352 3528; x_wconf 76' lang='lat' dir='ltr'>pente</span> <span class='ocrx_word' id='word_1_232' title='bbox 369 3447 483 3510; x_wconf 62' lang='lat' dir='ltr'>audiuit.</span> 
     </span>
     <span class='ocr_line' id='line_1_33' title="bbox 227 3535 729 3606; baseline 0.002 -13"><span class='ocrx_word' id='word_1_233' title='bbox 227 3536 254 3593; x_wconf 87' lang='grc'>9.</span> <span class='ocrx_word' id='word_1_234' title='bbox 271 3553 338 3590; x_wconf 82' lang='lat' dir='ltr'>cum</span> <span class='ocrx_word' id='word_1_235' title='bbox 360 3555 394 3594; x_wconf 81' lang='lat' dir='ltr'>ae</span> <span class='ocrx_word' id='word_1_236' title='bbox 416 3535 448 3593; x_wconf 80' lang='lat' dir='ltr'>in</span> <span class='ocrx_word' id='word_1_237' title='bbox 471 3535 600 3606; x_wconf 78' lang='lat' dir='ltr'>medium</span> <span class='ocrx_word' id='word_1_238' title='bbox 619 3537 729 3594; x_wconf 73' lang='lat' dir='ltr'>soatio·</span> 
     </span>
     <span class='ocr_line' id='line_1_34' title="bbox 271 3621 729 3686; baseline 0.009 -8"><span class='ocrx_word' id='word_1_239' title='bbox 271 3639 339 3678; x_wconf 79' lang='lat' dir='ltr'>uem</span> <span class='ocrx_word' id='word_1_240' title='bbox 351 3622 515 3678; x_wconf 77' lang='lat' dir='ltr'>intulisset.-</span> <span class='ocrx_word' id='word_1_241' title='bbox 523 3621 560 3680; x_wconf 81' lang='grc' dir='ltr'><strong>Μ.</strong></span> <span class='ocrx_word' id='word_1_242' title='bbox 572 3653 606 3686; x_wconf 87' lang='grc'><strong>-.</strong></span> <span class='ocrx_word' id='word_1_243' title='bbox 619 3621 653 3678; x_wconf 85' lang='lat' dir='ltr'>P:</span> <span class='ocrx_word' id='word_1_244' title='bbox 667 3643 729 3684; x_wconf 83' lang='lat' dir='ltr'>curu</span> 
     </span>
     <span class='ocr_line' id='line_1_35' title="bbox 255 3697 728 3780; baseline 0.011 -18"><span class='ocrx_word' id='word_1_245' title='bbox 255 3697 257 3707; x_wconf 73' lang='lat'>&#39;</span> <span class='ocrx_word' id='word_1_246' title='bbox 272 3705 303 3762; x_wconf 82' lang='lat' dir='ltr'>in</span> <span class='ocrx_word' id='word_1_247' title='bbox 320 3725 354 3762; x_wconf 77' lang='lat' dir='ltr'>se</span> <span class='ocrx_word' id='word_1_248' title='bbox 371 3705 483 3780; x_wconf 76' lang='lat' dir='ltr'>midisru</span> <span class='ocrx_word' id='word_1_249' title='bbox 504 3709 657 3770; x_wconf 81' lang='lat' dir='ltr'>contionem</span> <span class='ocrx_word' id='word_1_250' title='bbox 677 3719 728 3773; x_wconf 82' lang='lat' dir='ltr'>eet.</span> 
     </span>
     <span class='ocr_line' id='line_1_36' title="bbox 271 3793 632 3858; baseline 0.014 -11"><span class='ocrx_word' id='word_1_251' title='bbox 271 3812 307 3852; x_wconf 85' lang='lat' dir='ltr'>m.</span> <span class='ocrx_word' id='word_1_252' title='bbox 325 3795 366 3850; x_wconf 63' lang='lat' dir='ltr'>‘La</span> <span class='ocrx_word' id='word_1_253' title='bbox 385 3793 510 3858; x_wconf 80' lang='lat' dir='ltr'>mediam.</span> <span class='ocrx_word' id='word_1_254' title='bbox 629 3820 632 3828; x_wconf 93' lang='lat'>·</span> 
     </span>
     <span class='ocr_line' id='line_1_37' title="bbox 210 3895 726 3964; baseline 0.016 -12"><span class='ocrx_word' id='word_1_255' title='bbox 210 3895 254 3956; x_wconf 85' lang='lat'>1⁰.</span> <span class='ocrx_word' id='word_1_256' title='bbox 272 3897 421 3957; x_wconf 74' lang='lat' dir='ltr'>abstinere</span> <span class='ocrx_word' id='word_1_257' title='bbox 431 3906 550 3958; x_wconf 74' lang='lat' dir='ltr'>suetus:</span> <span class='ocrx_word' id='word_1_258' title='bbox 568 3897 645 3962; x_wconf 72' lang='lat' dir='ltr'>iiim·</span> <span class='ocrx_word' id='word_1_259' title='bbox 656 3901 683 3964; x_wconf 75' lang='lat'>2·</span> <span class='ocrx_word' id='word_1_260' title='bbox 695 3898 726 3960; x_wconf 87' lang='lat' dir='ltr'>P.</span> 
     </span>
     <span class='ocr_line' id='line_1_38' title="bbox 249 3983 726 4049; baseline 0.008 -11"><span class='ocrx_word' id='word_1_261' title='bbox 249 4030 251 4037; x_wconf 31' lang='lat' dir='ltr'>s</span> <span class='ocrx_word' id='word_1_262' title='bbox 270 4013 307 4030; x_wconf 65' lang='grc' dir='ltr'>«ι-</span> <span class='ocrx_word' id='word_1_263' title='bbox 325 3983 353 4041; x_wconf 84' lang='grc' dir='ltr'><strong>Μ</strong></span> <span class='ocrx_word' id='word_1_264' title='bbox 371 4005 406 4042; x_wconf 83' lang='grc' dir='ltr'><strong>ιιι.</strong></span> <span class='ocrx_word' id='word_1_265' title='bbox 425 3991 464 4044; x_wconf 83' lang='lat'>1.:</span> <span class='ocrx_word' id='word_1_266' title='bbox 488 3985 623 4044; x_wconf 82' lang='lat' dir='ltr'>abstinere</span> <span class='ocrx_word' id='word_1_267' title='bbox 641 3997 726 4049; x_wconf 81' lang='lat' dir='ltr'>uetus.</span> 
     </span>
    </p>
   </div>
   <div class='ocr_carea' id='block_1_8' title="bbox 235 4066 726 4246">
    <p class='ocr_par' dir='ltr' id='par_1_10' title="bbox 235 4066 726 4246">
     <span class='ocr_line' id='line_1_39' title="bbox 271 4066 726 4149; baseline 0.026 -28"><span class='ocrx_word' id='word_1_268' title='bbox 271 4066 315 4124; x_wconf 84' lang='lat' dir='ltr'>Cf.</span> <span class='ocrx_word' id='word_1_269' title='bbox 334 4072 360 4136; x_wconf 85' lang='lat'>1,</span> <span class='ocrx_word' id='word_1_270' title='bbox 377 4073 437 4128; x_wconf 65' lang='lat' dir='ltr'>tus</span> <span class='ocrx_word' id='word_1_271' title='bbox 465 4074 586 4149; x_wconf 83' lang='lat' dir='ltr'>„quibus</span> <span class='ocrx_word' id='word_1_272' title='bbox 605 4075 726 4133; x_wconf 78' lang='lat' dir='ltr'>adusueti</span> 
     </span>
     <span class='ocr_line' id='line_1_40' title="bbox 235 4157 725 4246; baseline 0.029 -44"><span class='ocrx_word' id='word_1_273' title='bbox 235 4175 237 4180; x_wconf 96' lang='lat'>·</span> <span class='ocrx_word' id='word_1_274' title='bbox 271 4157 484 4246; x_wconf 61' lang='lat' dir='ltr'>creaturaque</span> <span class='ocrx_word' id='word_1_275' title='bbox 505 4160 655 4234; x_wconf 75' lang='lat' dir='ltr'>agrestibus</span> <span class='ocrx_word' id='word_1_276' title='bbox 673 4160 725 4216; x_wconf 81' lang='lat' dir='ltr'>ier·</span> 
     </span>
    </p>
   </div>
   <div class='ocr_carea' id='block_1_9' title="bbox 769 2443 1326 2518">
    <p class='ocr_par' dir='ltr' id='par_1_11' title="bbox 769 2443 1326 2518">
     <span class='ocr_line' id='line_1_41' title="bbox 769 2443 1326 2518; baseline -0.005 -2"><span class='ocrx_word' id='word_1_277' title='bbox 769 2445 924 2518; x_wconf 82' lang='lat' dir='ltr'>Ardeates</span> <span class='ocrx_word' id='word_1_278' title='bbox 957 2445 1085 2514; x_wconf 72' lang='lat' dir='ltr'>furtum</span> <span class='ocrx_word' id='word_1_279' title='bbox 1121 2443 1232 2512; x_wconf 82' lang='lat' dir='ltr'><strong>oblata</strong></span> <span class='ocrx_word' id='word_1_280' title='bbox 1277 2453 1326 2516; x_wconf 87' lang='lat' dir='ltr'>est</span> 
     </span>
    </p>
   </div>
   <div class='ocr_carea' id='block_1_10' title="bbox 765 2657 1324 3873">
    <p class='ocr_par' dir='ltr' id='par_1_12' title="bbox 864 2657 1324 2728">
     <span class='ocr_line' id='line_1_42' title="bbox 864 2657 1324 2728; baseline 0.002 -6"><span class='ocrx_word' id='word_1_281' title='bbox 864 2665 1023 2728; x_wconf 82' lang='lat' dir='ltr'>ramentis“.</span> <span class='ocrx_word' id='word_1_282' title='bbox 1044 2692 1079 2706; x_wconf 91' lang='lat'>-</span> <span class='ocrx_word' id='word_1_283' title='bbox 1103 2657 1179 2726; x_wconf 83' lang='lat' dir='ltr'>Pru.</span> <span class='ocrx_word' id='word_1_284' title='bbox 1198 2667 1240 2726; x_wconf 83' lang='lat'>1.:</span> <span class='ocrx_word' id='word_1_285' title='bbox 1259 2663 1324 2724; x_wconf 69' lang='lat' dir='ltr'>tati·</span> 
     </span>
    </p>

    <p class='ocr_par' dir='ltr' id='par_1_13' title="bbox 863 2749 1305 2821">
     <span class='ocr_line' id='line_1_43' title="bbox 863 2749 1305 2821; baseline 0.011 -13"><span class='ocrx_word' id='word_1_286' title='bbox 863 2753 915 2810; x_wconf 89' lang='lat' dir='ltr'>bus</span> <span class='ocrx_word' id='word_1_287' title='bbox 933 2749 1066 2811; x_wconf 83' lang='lat' dir='ltr'>consiliis.</span> <span class='ocrx_word' id='word_1_288' title='bbox 1300 2803 1305 2821; x_wconf 85' lang='grc'><strong><em>,</em></strong></span> 
     </span>
    </p>

    <p class='ocr_par' dir='ltr' id='par_1_14' title="bbox 804 2835 1324 2916">
     <span class='ocr_line' id='line_1_44' title="bbox 804 2835 1324 2916; baseline -0.002 -19"><span class='ocrx_word' id='word_1_289' title='bbox 804 2841 849 2901; x_wconf 87' lang='grc'><strong>11.</strong></span> <span class='ocrx_word' id='word_1_290' title='bbox 864 2838 1013 2898; x_wconf 80' lang='lat' dir='ltr'>Ardeates</span> <span class='ocrx_word' id='word_1_291' title='bbox 1026 2839 1138 2916; x_wconf 81' lang='lat' dir='ltr'>inquit:</span> <span class='ocrx_word' id='word_1_292' title='bbox 1154 2835 1190 2899; x_wconf 78' lang='grc'><strong>111.</strong></span> <span class='ocrx_word' id='word_1_293' title='bbox 1203 2871 1239 2884; x_wconf 91' lang='lat'>·-</span> <span class='ocrx_word' id='word_1_294' title='bbox 1249 2837 1277 2897; x_wconf 89' lang='lat' dir='ltr'><strong>P</strong></span> <span class='ocrx_word' id='word_1_295' title='bbox 1289 2859 1324 2896; x_wconf 89' lang='lat' dir='ltr'>m.</span> 
     </span>
    </p>

    <p class='ocr_par' dir='ltr' id='par_1_15' title="bbox 863 2923 1323 3004">
     <span class='ocr_line' id='line_1_45' title="bbox 863 2923 1323 3004; baseline 0 -21"><span class='ocrx_word' id='word_1_296' title='bbox 863 2926 902 2986; x_wconf 86' lang='lat'>1.:</span> <span class='ocrx_word' id='word_1_297' title='bbox 915 2924 1018 3004; x_wconf 85' lang='lat' dir='ltr'>inquid.</span> <span class='ocrx_word' id='word_1_298' title='bbox 1028 2953 1065 2970; x_wconf 86' lang='lat'>-·</span> <span class='ocrx_word' id='word_1_299' title='bbox 1076 2923 1099 2980; x_wconf 87' lang='lat' dir='ltr'>P</span> <span class='ocrx_word' id='word_1_300' title='bbox 1110 2945 1145 2986; x_wconf 80' lang='lat' dir='ltr'>m.</span> <span class='ocrx_word' id='word_1_301' title='bbox 1159 2929 1197 2985; x_wconf 83' lang='lat'>1.:</span> <span class='ocrx_word' id='word_1_302' title='bbox 1211 2927 1323 3002; x_wconf 75' lang='lat' dir='ltr'><strong>quando</strong></span> 
     </span>
    </p>

    <p class='ocr_par' dir='ltr' id='par_1_16' title="bbox 865 3011 1323 3072">
     <span class='ocr_line' id='line_1_46' title="bbox 865 3011 1323 3072; baseline -0.004 0"><span class='ocrx_word' id='word_1_303' title='bbox 865 3032 907 3072; x_wconf 77' lang='lat' dir='ltr'>ex</span> <span class='ocrx_word' id='word_1_304' title='bbox 918 3022 1037 3070; x_wconf 86' lang='lat' dir='ltr'>uestrum</span> <span class='ocrx_word' id='word_1_305' title='bbox 1051 3011 1210 3070; x_wconf 82' lang='lat' dir='ltr'>beneficium</span> <span class='ocrx_word' id='word_1_306' title='bbox 1221 3013 1262 3068; x_wconf 81' lang='lat' dir='ltr'>ita</span> <span class='ocrx_word' id='word_1_307' title='bbox 1282 3023 1323 3070; x_wconf 82' lang='lat' dir='ltr'>tu·</span> 
     </span>
    </p>

    <p class='ocr_par' dir='ltr' id='par_1_17' title="bbox 816 3095 1323 3176">
     <span class='ocr_line' id='line_1_47' title="bbox 816 3095 1323 3176; baseline 0.004 -20"><span class='ocrx_word' id='word_1_308' title='bbox 816 3128 820 3148; x_wconf 80' lang='grc' dir='ltr'>ι</span> <span class='ocrx_word' id='word_1_309' title='bbox 862 3095 895 3156; x_wconf 85' lang='lat' dir='ltr'>lit</span> <span class='ocrx_word' id='word_1_310' title='bbox 913 3108 940 3154; x_wconf 88' lang='lat' dir='ltr'>et</span> <span class='ocrx_word' id='word_1_311' title='bbox 952 3099 1058 3155; x_wconf 81' lang='lat' dir='ltr'>fortuna</span> <span class='ocrx_word' id='word_1_312' title='bbox 1068 3099 1122 3156; x_wconf 85' lang='lat' dir='ltr'>hae</span> <span class='ocrx_word' id='word_1_313' title='bbox 1134 3119 1182 3176; x_wconf 82' lang='lat' dir='ltr'>ego</span> <span class='ocrx_word' id='word_1_314' title='bbox 1194 3099 1239 3154; x_wconf 80' lang='lat' dir='ltr'>ita</span> <span class='ocrx_word' id='word_1_315' title='bbox 1251 3119 1323 3158; x_wconf 80' lang='lat' dir='ltr'>mea.</span> 
     </span>
    </p>

    <p class='ocr_par' dir='ltr' id='par_1_18' title="bbox 862 3186 1321 3262">
     <span class='ocr_line' id='line_1_48' title="bbox 862 3186 1321 3262; baseline 0.009 -21"><span class='ocrx_word' id='word_1_316' title='bbox 862 3205 898 3243; x_wconf 88' lang='lat' dir='ltr'>m.</span> <span class='ocrx_word' id='word_1_317' title='bbox 917 3187 958 3244; x_wconf 55' lang='lat'>25</span> <span class='ocrx_word' id='word_1_318' title='bbox 981 3186 1091 3262; x_wconf 84' lang='lat' dir='ltr'><strong>quaudo</strong></span> <span class='ocrx_word' id='word_1_319' title='bbox 1109 3201 1130 3243; x_wconf 68' lang='lat' dir='ltr'>t</span> <span class='ocrx_word' id='word_1_320' title='bbox 1144 3195 1266 3244; x_wconf 85' lang='lat' dir='ltr'>uestrum</span> <span class='ocrx_word' id='word_1_321' title='bbox 1287 3217 1321 3232; x_wconf 83' lang='lat'>··</span> 
     </span>
    </p>

    <p class='ocr_par' dir='ltr' id='par_1_19' title="bbox 861 3271 1248 3350">
     <span class='ocr_line' id='line_1_49' title="bbox 861 3271 1248 3350; baseline 0.013 -22"><span class='ocrx_word' id='word_1_322' title='bbox 861 3271 968 3329; x_wconf 83' lang='lat' dir='ltr'>fortuna</span> <span class='ocrx_word' id='word_1_323' title='bbox 986 3273 1039 3330; x_wconf 87' lang='lat' dir='ltr'>hue</span> <span class='ocrx_word' id='word_1_324' title='bbox 1057 3293 1107 3350; x_wconf 82' lang='lat' dir='ltr'>ege</span> <span class='ocrx_word' id='word_1_325' title='bbox 1126 3275 1161 3332; x_wconf 78' lang='lat' dir='ltr'>id</span> <span class='ocrx_word' id='word_1_326' title='bbox 1179 3294 1248 3333; x_wconf 88' lang='lat' dir='ltr'>mes.</span> 
     </span>
    </p>

    <p class='ocr_par' dir='ltr' id='par_1_20' title="bbox 765 3359 1324 3441">
     <span class='ocr_line' id='line_1_50' title="bbox 765 3359 1324 3441; baseline 0.002 -22"><span class='ocrx_word' id='word_1_327' title='bbox 765 3375 769 3388; x_wconf 71' lang='lat'><em>¹</em></span> <span class='ocrx_word' id='word_1_328' title='bbox 801 3361 843 3420; x_wconf 80' lang='lat'>16.</span> <span class='ocrx_word' id='word_1_329' title='bbox 861 3369 892 3419; x_wconf 79' lang='lat' dir='ltr'>et</span> <span class='ocrx_word' id='word_1_330' title='bbox 914 3361 1037 3437; x_wconf 81' lang='lat' dir='ltr'><strong>quando</strong></span> <span class='ocrx_word' id='word_1_331' title='bbox 1060 3381 1116 3441; x_wconf 82' lang='lat' dir='ltr'>ego</span> <span class='ocrx_word' id='word_1_332' title='bbox 1140 3363 1245 3420; x_wconf 80' lang='lat' dir='ltr'>uobis:</span> <span class='ocrx_word' id='word_1_333' title='bbox 1272 3359 1324 3420; x_wconf 77' lang='grc' dir='ltr'>ΡΜ</span> 
     </span>
    </p>

    <p class='ocr_par' dir='ltr' id='par_1_21' title="bbox 861 3447 1323 3526">
     <span class='ocr_line' id='line_1_51' title="bbox 861 3447 1323 3526; baseline 0 -22"><span class='ocrx_word' id='word_1_334' title='bbox 861 3447 920 3506; x_wconf 86' lang='lat' dir='ltr'>rell.</span> <span class='ocrx_word' id='word_1_335' title='bbox 945 3481 979 3492; x_wconf 90' lang='lat'><em>-</em></span> <span class='ocrx_word' id='word_1_336' title='bbox 1006 3447 1095 3504; x_wconf 78' lang='lat' dir='ltr'>Minus</span> <span class='ocrx_word' id='word_1_337' title='bbox 1119 3457 1191 3506; x_wconf 75' lang='lat' dir='ltr'>recte</span> <span class='ocrx_word' id='word_1_338' title='bbox 1213 3452 1323 3526; x_wconf 74' lang='lat' dir='ltr'>putavit</span> 
     </span>
    </p>

    <p class='ocr_par' dir='ltr' id='par_1_22' title="bbox 862 3533 1320 3593">
     <span class='ocr_line' id='line_1_52' title="bbox 862 3533 1320 3593; baseline 0 -1"><span class='ocrx_word' id='word_1_339' title='bbox 862 3533 1099 3593; x_wconf 75' lang='lat' dir='ltr'>Drakenborchius</span> <span class='ocrx_word' id='word_1_340' title='bbox 1110 3533 1249 3592; x_wconf 83' lang='lat' dir='ltr'>etiamhue</span> <span class='ocrx_word' id='word_1_341' title='bbox 1256 3534 1320 3592; x_wconf 84' lang='lat' dir='ltr'><strong>locu</strong></span> 
     </span>
    </p>

    <p class='ocr_par' dir='ltr' id='par_1_23' title="bbox 861 3621 1321 3690">
     <span class='ocr_line' id='line_1_53' title="bbox 861 3621 1321 3690; baseline -0.004 -10"><span class='ocrx_word' id='word_1_342' title='bbox 861 3621 976 3680; x_wconf 78' lang='lat' dir='ltr'>fortasse</span> <span class='ocrx_word' id='word_1_343' title='bbox 987 3622 1160 3683; x_wconf 80' lang='lat' dir='ltr'>scribendum</span> <span class='ocrx_word' id='word_1_344' title='bbox 1174 3641 1233 3680; x_wconf 83' lang='lat' dir='ltr'>esse</span> <span class='ocrx_word' id='word_1_345' title='bbox 1251 3643 1321 3690; x_wconf 85' lang='lat' dir='ltr'>„ec-</span> 
     </span>
    </p>

    <p class='ocr_par' dir='ltr' id='par_1_24' title="bbox 842 3695 1319 3873">
     <span class='ocr_line' id='line_1_54' title="bbox 861 3695 1319 3786; baseline 0.002 -20"><span class='ocrx_word' id='word_1_346' title='bbox 861 3709 969 3786; x_wconf 85' lang='lat' dir='ltr'><strong>quando</strong></span> <span class='ocrx_word' id='word_1_347' title='bbox 977 3713 1002 3774; x_wconf 81' lang='lat'>“.</span> <span class='ocrx_word' id='word_1_348' title='bbox 1015 3708 1049 3769; x_wconf 87' lang='lat' dir='ltr'>as.</span> <span class='ocrx_word' id='word_1_349' title='bbox 1059 3695 1139 3768; x_wconf 64' lang='lat' dir='ltr'>etia‘m</span> <span class='ocrx_word' id='word_1_350' title='bbox 1148 3707 1235 3768; x_wconf 75' lang='lat' dir='ltr'><strong>Hand.</strong></span> <span class='ocrx_word' id='word_1_351' title='bbox 1249 3708 1319 3768; x_wconf 87' lang='lat' dir='ltr'>Tur-</span> 
     </span>
     <span class='ocr_line' id='line_1_55' title="bbox 842 3796 1128 3873; baseline 0.007 -21"><span class='ocrx_word' id='word_1_352' title='bbox 842 3796 917 3855; x_wconf 75' lang='lat' dir='ltr'>sell.</span> <span class='ocrx_word' id='word_1_353' title='bbox 935 3800 964 3856; x_wconf 74' lang='lat'>2.</span> <span class='ocrx_word' id='word_1_354' title='bbox 979 3817 1006 3873; x_wconf 83' lang='lat' dir='ltr'>p.</span> <span class='ocrx_word' id='word_1_355' title='bbox 1022 3800 1084 3868; x_wconf 73' lang='lat'>355.</span> <span class='ocrx_word' id='word_1_356' title='bbox 1102 3800 1128 3855; x_wconf 90' lang='grc'><strong>3.</strong></span> 
     </span>
    </p>
   </div>
   <div class='ocr_carea' id='block_1_11' title="bbox 797 3897 1318 4224">
    <p class='ocr_par' dir='ltr' id='par_1_25' title="bbox 797 3897 1318 4145">
     <span class='ocr_line' id='line_1_56' title="bbox 798 3897 1318 3972; baseline 0.008 -16"><span class='ocrx_word' id='word_1_357' title='bbox 798 3897 841 3958; x_wconf 83' lang='grc'><strong>18.</strong></span> <span class='ocrx_word' id='word_1_358' title='bbox 860 3901 891 3957; x_wconf 78' lang='lat' dir='ltr'>si</span> <span class='ocrx_word' id='word_1_359' title='bbox 908 3901 940 3955; x_wconf 83' lang='lat' dir='ltr'>ira</span> <span class='ocrx_word' id='word_1_360' title='bbox 963 3900 1040 3956; x_wconf 77' lang='lat' dir='ltr'>bello</span> <span class='ocrx_word' id='word_1_361' title='bbox 1051 3899 1172 3972; x_wconf 81' lang='lat' dir='ltr'>fuerit:</span> <span class='ocrx_word' id='word_1_362' title='bbox 1195 3898 1225 3960; x_wconf 84' lang='lat' dir='ltr'>P.</span> <span class='ocrx_word' id='word_1_363' title='bbox 1252 3901 1318 3960; x_wconf 87' lang='lat' dir='ltr'>dein</span> 
     </span>
     <span class='ocr_line' id='line_1_57' title="bbox 846 3985 1259 4062; baseline 0.012 -20"><span class='ocrx_word' id='word_1_364' title='bbox 846 4005 939 4061; x_wconf 17' lang='lat' dir='ltr'><strong>{mauu</strong></span> <span class='ocrx_word' id='word_1_365' title='bbox 957 3987 1066 4062; x_wconf 87' lang='lat' dir='ltr'>antiqua</span> <span class='ocrx_word' id='word_1_366' title='bbox 1084 3995 1126 4054; x_wconf 71' lang='lat' dir='ltr'>„u</span> <span class='ocrx_word' id='word_1_367' title='bbox 1143 3985 1259 4047; x_wconf 81' lang='lat' dir='ltr'>fuerit“.</span> 
     </span>
     <span class='ocr_line' id='line_1_58' title="bbox 797 4071 1314 4145; baseline 0.012 -16"><span class='ocrx_word' id='word_1_368' title='bbox 797 4071 986 4145; x_wconf 72' lang='lat' dir='ltr'>2⁰·fortuua</span> <span class='ocrx_word' id='word_1_369' title='bbox 1008 4073 1109 4130; x_wconf 77' lang='lat' dir='ltr'>oblata</span> <span class='ocrx_word' id='word_1_370' title='bbox 1131 4083 1192 4131; x_wconf 77' lang='lat' dir='ltr'>est:</span> <span class='ocrx_word' id='word_1_371' title='bbox 1215 4072 1253 4134; x_wconf 78' lang='grc' dir='ltr'><strong>Μ.</strong></span> <span class='ocrx_word' id='word_1_372' title='bbox 1280 4109 1314 4122; x_wconf 92' lang='grc'>-</span> 
     </span>
    </p>

    <p class='ocr_par' dir='ltr' id='par_1_26' title="bbox 802 4159 1196 4224">
     <span class='ocr_line' id='line_1_59' title="bbox 802 4159 1196 4224; baseline 0.013 -9"><span class='ocrx_word' id='word_1_373' title='bbox 802 4221 805 4224; x_wconf 60' lang='grc'><strong>,</strong></span> <span class='ocrx_word' id='word_1_374' title='bbox 858 4159 895 4216; x_wconf 77' lang='lat' dir='ltr'>Pa</span> <span class='ocrx_word' id='word_1_375' title='bbox 914 4160 1020 4220; x_wconf 79' lang='lat' dir='ltr'>fortuna</span> <span class='ocrx_word' id='word_1_376' title='bbox 1038 4159 1129 4224; x_wconf 83' lang='lat' dir='ltr'>ablata</span> <span class='ocrx_word' id='word_1_377' title='bbox 1147 4169 1196 4220; x_wconf 82' lang='lat' dir='ltr'>est</span> 
     </span>
    </p>
   </div>
   <div class='ocr_carea' id='block_1_12' title="bbox 0 0 1380 4720">
    <p class='ocr_par' dir='ltr' id='par_1_27' title="bbox 0 0 1380 4720">
     <span class='ocr_line' id='line_1_60' title="bbox 0 0 1380 4720; baseline 0 3"><span class='ocrx_word' id='word_1_378' title='bbox 0 0 1380 4720; x_wconf 95' lang='lat' dir='ltr'> </span> 
     </span>
    </p>
   </div>
  </div>
 </body>
</html>
