2832 4720
211 264 368 380 '306'
568 315 570 322 ,
704 281 873 344 nnnrnr.

233 449 312 518 mibi
332 447 395 516 lilia
417 447 517 516 inulta
537 444 693 514 honorem
715 445 818 514 ullum
839 445 1012 515 iucundum
1033 467 1106 514 esee
1127 445 1263 537 patitur,
1289 467 1366 512 nee

10 505 11 556 i
124 629 128 639 ,
235 555 266 622 in
294 553 476 647 perturbata
504 576 539 620 rc
567 549 690 643 publica
720 575 778 620 eon
809 553 886 622 utile
913 565 961 622 est
995 573 1143 646 praeesse
1166 551 1270 618 vobis
1294 551 1358 641 qni

236 660 373 751 proximi
395 657 529 728 invidiae
562 655 631 723 sint.
670 655 697 722 si
725 655 797 746 quia
824 681 900 724 usus
928 658 992 726 rnei
1013 667 1086 740 est,
1112 655 1213 724 uibilo
1236 655 1359 722 minor

237 789 278 833 ex
301 764 425 856 privato
447 761 618 854 capienrr“.
655 749 698 828 ita
722 762 834 830 decern
855 787 990 832 numero
1016 761 1161 830 tribunos
1186 757 1349 830 rm'litares

200 879 355 938 acreant.
393 867 509 958 Neque
529 865 563 932 in
581 865 707 934 Sabinis
728 865 849 958 quievit
869 869 1038 936 exercitus.
1064 867 1110 934 ibi
1131 891 1272 958 quoque
1297 891 1348 933 au·
1403 933 1405 944 A

103 977 106 983 “
207 983 210 992 ’
239 987 329 1043 ctore
351 955 438 1042 lcilio
462 969 704 1061 Numitorioque
730 973 868 1040 secessio
896 974 937 1042 ab
964 973 1150 1042 decemviris
1178 972 1271 1040 iactu
1300 982 1348 1038 est

236 1091 303 1149 non
325 1079 448 1147 minore
470 1089 560 1145 motu
580 1076 759 1144 animorum
777 1078 861 1146 Sicci
884 1079 990 1148 caedis
1011 1077 1166 1147 memoria
1187 1087 1348 1146 renovata

238 1207 336 1275 qnam
358 1207 458 1275 quem
479 1205 563 1252 noua
582 1181 667 1250 iarna
690 1181 731 1249 de
751 1183 871 1275 virgine
894 1185 977 1254 adeo
997 1184 1093 1254 ioede
1115 1184 1157 1251 ud
1177 1181 1347 1250 libidinem

238 1287 337 1378 petita
368 1289 563 1357 accenderat.
606 1285 711 1355 icilius
737 1287 792 1354 ubi
820 1289 939 1358 audivit
966 1287 1110 1358 tribunos
1136 1287 1279 1356 militnm
1317 1287 1347 1352 in

192 1401 227 1456 to
240 1386 398 1461 Aventino
421 1405 552 1480 creatos,
573 1417 615 1464 ne
637 1393 839 1462 comitiorum
853 1394 1036 1466 militarium
1051 1394 1274 1486 pranogativa
1299 1417 1347 1458 ur-

258 1615 283 1672 1.
294 1613 369 1690 filia
385 1615 497 1673 inulto:
514 1613 592 1676 Leid.
608 1633 635 1675 ιι.
652 1645 685 1655 -
703 1612 753 1672 Plll

301 1711 328 1758 et
345 1701 404 1764 rell
421 1703 515 1766 codd:
537 1723 588 1762 nec
609 1703 675 1762 mibi
697 1702 754 1763 fitia

277 1790 397 1854 ‚innita
429 1792 472 1933 dci.
498 1789 531 1851 Τ.
557 1789 619 1854 Livi
648 1790 667 1851 l.
692 1812 754 1852 xxx.

301 1897 328 1954 p.
346 1897 408 1936 xxx.
448 1922 455 1936 .

201 1997 206 2010 '
247 2015 281 2062 v—
301 1987 475 2044 iucundum:
497 1985 555 2047 PM.
579 2019 611 2032 -
640 1988 717 2050 Leid.
737 2010 754 2050 ι.

301 2071 349 2132 al.:
363 2073 517 2134 iocundum.
529 2107 562 2120 -
575 2073 636 2134 PM:
654 2079 683 2134 in
693 2099 755 2156 per·

302 2159 407 2216 turbata
426 2168 483 2239 rep.

257 2270 283 2327 3.
301 2270 395 2344 nihilo
414 2271 526 2330 minor:
543 2271 573 2334 P.
592 2304 628 2316 -
655 2274 695 2333 M:
714 2279 755 2334 ni·

300 2353 339 2411 bil
370 2359 503 2432 omninor,
550 2381 586 2420 ιιι.
615 2365 654 2421 M:
689 2363 756 2422 nibil

303 2463 421 2504 omnino.

257 2557 283 2614 7.
302 2553 383 2614 Sicci
397 2557 499 2616 coedi:
514 2563 656 2618 memoria
673 2581 757 2620 reno-

304 2653 391 2700 uato:
421 2643 470 2700 PM
497 2647 558 2706 cod.
585 2648 673 2710 Rben.
703 2652 757 2724 al]

118 2761 120 2768 ·
231 2777 233 2786 ,
302 2730 385 2788 Siccii
409 2731 501 2796 caedis
526 2739 654 2794 memoria
681 2759 758 2796 revo-

303 2827 370 2878 cata.
402 2819 436 2878 cl.
454 2822 503 2888 22,
521 2825 578 2880 bl:
601 2845 650 2881 nec
668 2836 757 2882 tanrcn

302 2923 351 2960 eae
368 2905 457 2962 clades
479 2906 697 2988 defectionesque
714 2933 757 2970 so·

306 2993 409 3048 ciorum
427 3007 570 3051 moverunt
580 3006 610 3052 ut
621 3001 697 3073 pecie
714 3019 758 3055 us·

303 3099 383 3156 qnam
408 3082 509 3151 mentio
534 3091 600 3157 aput
620 3082 758 3143 Romanos

302 3165 379 3222 tieret
397 3187 485 3244 neqrw
500 3177 562 3224 ante
574 3169 692 3228 consulis
704 3171 758 3229 Ro-

302 3271 373 3310 marn
392 3252 537 3313 adventurn
555 3276 604 3314 nec
616 3269 760 3337 postquam

305 3340 329 3396 ie
348 3341 429 3400 rediit
447 3345 640 3422 renovavitque
660 3367 759 3406 merno-

305 3429 373 3484 rinm
391 3440 517 3507 acceptae
535 3419 627 3493 cladis.

262 3529 288 3584 8.
308 3548 397 3604 quam
416 3553 503 3607 quem
520 3556 601 3592 nouo
612 3537 705 3610 somn
723 3540 761 3598 de

306 3617 425 3694 uirgine
442 3621 518 3678 adeo
529 3623 629 3694 foede
640 3627 684 3684 ad
698 3629 761 3685 tibt-

307 3701 407 3762 dinem
440 3711 534 3780 petita
571 3716 769 3778 accenderant

236 3825 240 3832 ,
307 3791 367 3850 eod.
386 3789 473 3852 Rhen.
488 3825 521 3836 --
539 3795 580 3854 M:
599 3808 760 3878 quitqnoua

306 3873 435 3935 iama'de
461 3882 566 3958 uirgine
592 3886 658 3941 adeo
682 3887 762 3944 foede

309 3961 344 4017 nd
367 3959 508 4024 libidinem
530 3974 614 4044 petita
636 3976 693 4030 acci
718 3995 761 4031 ac·

310 4047 443 4108 tenderat.
469 4051 506 4107 P:
525 4073 605 4130 quam
622 4080 673 4136 qne
691 4081 761 4120 noua

309 4131 378 4190 fama
402 4134 563 4214 de-uirgine
589 4145 657 4201 adeo
684 4147 762 4206 ioede

886 1615 922 1676 ed
938 1614 1079 1678 libidinem
1102 1617 1187 1695 petita
1199 1613 1347 1672 acciderat„

887 1704 977 1766 tertia·
995 1715 1047 1769 cet.
1065 1735 1098 1750 ·-
1117 1703 1153 1763 P:
1172 1711 1281 1762 oreatus
1300 1722 1347 1759 ac·

887 1795 1066 1852 comitiorum.

827 1883 870 1941 tu.
893 1883 1125 1960 praerogatiua:
1154 1875 1205 1936 PM
1230 1887 1260 1934 et
1291 1884 1347 1951 opt.

888 1970 989 2048 quique
1001 1967 1101 2040 codd]
1119 1967 1346 2044 praerogativam.

888 2055 932 2115 Ol.
951 2056 1010 2114 cie.
1032 2075 1083 2133 pro
1102 2051 1213 2112 Murena
1239 2055 1346 2112 tuce:

887 2144 959 2200 enirn
985 2144 1011 2200 oi
1038 2151 1114 2200 tante
1142 2141 1198 2198 illia
1228 2142 1346 2203 comitiis

887 2229 981 2306 religio
1000 2239 1056 2298 eet,
1082 2239 1113 2287 ut
1130 2230 1218 2288 adbuc
1238 2249 1346 2307 suuper

885 2318 1346 2398 onienralueritproerogntioom‚

888 2405 955 2484 quid
974 2407 1071 2464 mirum
1089 2416 1131 2462 ent
1148 2415 1199 2465 cet.
1218 2437 1253 2446 -
1277 2403 1346 2460 Aliis

889 2494 957 2550 locis
972 2497 1187 2573 praerogativa
1203 2492 1264 2550 scil.
1282 2511 1345 2548 aen·

890 2584 984 2639 tentio
1001 2581 1180 2650 scribebatur,
1199 2589 1231 2637 ut
1248 2581 1294 2650 ru
1309 2583 1345 2638 u:

879 2711 909 2748 ¹„
918 2669 1048 2728 adiecisse
1066 2671 1185 2748 equitum
1203 2687 1345 2746 praeroga.

894 2759 965 2814 tinae
983 2759 1169 2816 auctoritatem
1186 2757 1346 2814 ‘consulee‘fl

891 2865 942 2901 nee
959 2845 1134 2902 dubitandum
1146 2843 1263 2914 videtur,
1282 2845 1347 2923 quin

891 2935 943 3000 Ἦ,
960 2936 986 2992 3.
1004 2936 1033 2990 ἱιι
1051 2933 1131 2993 Colb.
1149 2935 1216 2991 haut
1238 2935 1297 2989 ecio
1315 2951 1349 2988 an

889 3021 976 3098 prima
989 3041 1069 3078 rnanu
1086 3029 1160 3078 reete
1177 3021 1348 3079 emendatum

892 3108 930 3163 nit
946 3107 1044 3177 „band
1058 3107 1138 3166 dubia
1157 3109 1266 3166 recinit
1283 3109 1349 3186 quin
1398 3098 1405 3124 ⁸

891 3199 1105 3274 praerogativam
1123 3195 1275 3264 militarem,
1296 3215 1348 3272 que

893 3284 1029 3362 externplo
1048 3287 1154 3343 iuvenis
1166 3281 1302 3340 Hannibal
1319 3282 1348 3335 in

892 3376 1058 3450 praetorium
1074 3371 1178 3430 deletur
1191 3374 1348 3442 imperator·

893 3479 947 3536 que
964 3462 1065 3536 ingenti
1088 3459 1208 3514 omnium
1232 3453 1349 3513 clamore

893 3554 975 3624 atque
992 3547 1107 3603 adsensu
1122 3542 1270 3623 appellatus
1282 3551 1349 3608 erat,

895 3631 1066 3712 luvorplehie
1078 3634 1269 3708 sequeretur-“2
1288 3648 1348 3684 curn

895 3721 974 3776 initio
1001 3721 1030 3776 in
1056 3718 1135 3777 Coto.
1166 3729 1194 3776 et
1223 3720 1251 3775 in
1279 3715 1349 3774 Med.

892 3807 1023 3883 scripturn
1042 3807 1123 3864 inerit
1141 3803 1348 3884 „praerogatiua

833 3961 837 3972 θ
894 3891 1051 3955 militaris“.
1081 3893 1243 3972 Plerumque
1261 3903 1348 3946 tamen

894 3979 929 4034 ad
944 3985 1159 4059 praerogativa
1170 3975 1349 4054 supplendum

825 4105 827 4128 ³
895 4077 937 4121 eat
954 4068 1101 4126 centurio:
1128 4065 1162 4124 cl.
1185 4070 1215 4130 5,
1234 4065 1276 4164 ib.
1305 4069 1348 4122 10„

895 4153 938 4212 22.
956 4151 990 4212 al.
