2836 4720
226 302 291 372 228
687 315 796 376 ursule
813 315 858 378 ur

172 546 175 554 ,
226 503 277 548 res
299 481 349 565 sit,
372 482 449 548 dum
469 479 560 546 dorni
582 479 659 546 dum
679 480 779 569 togati
800 480 871 566 sint,
905 495 1038 564 cnvennt
1052 505 1099 584 =ne
1122 485 1329 573 possessione

178 665 186 676 η
226 585 312 653 urbis
334 585 504 676 pellantur,
526 607 567 650 ne
590 582 699 672 iugum
721 584 885 675 accipiant.
918 585 946 653 si
968 587 1091 656 animus
1112 587 1162 671 sit,
1184 613 1251 657 non
1273 592 1329 660 de

226 689 295 757 fore
314 687 479 756 auxilium.
508 687 687 756 consentire
710 712 823 756 omnes
843 690 997 761 tribunos.
1031 692 1159 758 nullum.
1169 705 1329 764 terrorem

224 803 401 876 externum,
423 792 548 860 nullum
569 790 747 881 periculum
769 817 855 862 esse:
877 795 998 866 cavisse
1021 796 1100 868 deos
1120 797 1227 887 priore
1241 823 1326 868 emro

189 908 260 963 5ut
280 907 350 966 tuto
372 896 502 964 libertas
526 895 651 963 defendi
672 908 791 987 posset.
824 899 905 968 hoec
926 901 1053 970 tribuni.
1155 915 1158 928 ’
1239 908 1251 926 “

310 1001 367 1068 XI.
410 998 454 1067 At
475 1025 517 1068 ex
537 1011 627 1090 perte
650 1001 748 1070 altera
776 1005 925 1074 consules
954 1007 987 1074 in
1009 1019 1185 1096 conspectu
1211 1031 1325 1076 eorum

84 1115 102 1146 ⁸
223 1105 335 1195 positis
357 1105 444 1172 sellis
467 1104 623 1174 dilectum
639 1104 809 1176 habebant.
847 1133 887 1178 eo
910 1111 1081 1179 decurrunt
1108 1111 1224 1180 tn'buni
1252 1137 1324 1182 con

222 1209 406 1298 tionemque
433 1228 544 1274 secum
570 1208 710 1278 trahunt.
747 1212 833 1280 citati
855 1216 948 1304 pauci
976 1217 1065 1284 velut
1090 1217 1136 1284 rei
1159 1219 1325 1309 experiun-

222 1313 281 1378 dae
304 1336 410 1380 cause.
448 1313 609 1383 etstetim
631 1314 679 1382 vis
701 1327 826 1384 coorta:
857 1343 1095 1412 quemcumque
1116 1322 1209 1390 lictor
1235 1323 1326 1390 iussu

162 1429 210 1504 210
223 1416 363 1483 consulis
385 1417 573 1507 prendissct,
595 1417 738 1487 tribunus
759 1421 841 1489 mitti
862 1423 1007 1492 iubebat:
1030 1449 1136 1516 neque
1151 1450 1246 1494 suurn
1262 1427 1326 1496 cui·

222 1543 286 1610 que
301 1519 352 1586 ius
370 1521 506 1589 rnodum
528 1522 674 1608 faciebat,
696 1524 754 1592 sed
776 1525 890 1594 uirium
912 1552 970 1620 spe
992 1540 1042 1619 set¹
1063 1555 1162 1598 manu
1183 1531 1326 1600 obtinen-

222 1625 299 1692 dum
314 1637 384 1694 eret
392 1615 486 1717 -qund
501 1627 691 1696 intenderes.
724 1628 831 1714 Quem
853 1634 894 1700 nd
914 1636 1049 1702 modurn
1067 1659 1102 1704 se
1117 1637 1235 1704 tribuni
1256 1661 1325 1727 ges

151 1746 156 1754 ·
220 1728 335 1798 sissent
361 1729 394 1796 in
425 1731 625 1821 prohibendo
652 1733 771 1802 dilectu
798 1734 844 1804 sic
862 1748 973 1828 patres
995 1740 1028 1806 in
1049 1740 1135 1832 lege,
1162 1763 1246 1832 qnae
1268 1766 1327 1833 per

284 1896 347 1952 dum
359 1896 460 1956 demit.
478 1918 513 1956 ur.
532 1901 571 1957 2:
592 1899 655 1956 dum
673 1899 737 1955 dor·
867 1914 971 1978 patres
988 1905 1054 1984 legi,
1076 1907 1126 1964 sed
1144 1928 1198 1986 quo
1217 1907 1278 1964 loco
1297 1911 1327 1964 in

282 1983 340 2040 mit.
354 2011 388 2024 ·-
401 1983 440 2040 ll:
460 1984 524 2039 dum
543 1986 615 2058 ognti
627 1986 689 2043 sint.
703 2015 737 2027 -
868 2007 925 2048 nuo
948 1992 1007 2053 Put.
1032 1995 1136 2072 integra
1161 1998 1246 2052 oratio
1269 2017 1325 2052 ser·

281 2067 318 2123 P:
343 2069 407 2124 dum
431 2071 524 2146 dogntl
546 2073 609 2130 sint.
637 2091 673 2132 m.
691 2076 736 2133 '22
798 2121 808 2133 ,
870 2089 931 2136 rete
949 2091 991 2137 est
1013 2079 1092 2138 haec:
1120 2081 1260 2152 „libertati
1279 2103 1323 2142 nu·

281 2157 374 2229 togati.
387 2155 468 2212 -P2
482 2156 736 2236 nullomterrorern.
870 2173 972 2224 ctorem
990 2169 1030 2224 eis
1047 2189 1103 2224 non
1119 2169 1219 2226 selore
1235 2169 1325 2228 solnm

239 2242 264 2298 6.
283 2243 315 2296 in
329 2253 505 2318 conspectu.-
523 2243 553 2304 P.
565 2245 636 2302 -Μ
648 2267 683 2304 nr.
697 2250 736 2302 1.:
857 2247 918 2314 ded
942 2254 1078 2314 consulem
1098 2256 1133 2316 Μ.
1151 2257 1322 2330 Marcellum!

140 2307 145 2323 ’
282 2327 312 2386 in
339 2340 474 2407 cospectu.
505 2351 540 2390 m.
564 2335 604 2391 Ἅι
634 2335 663 2388 in
690 2339 733 2390 co·
866 2349 913 2396 set
924 2343 1064 2400 uniuersos
1075 2351 1190 2422 putres“
1209 2355 1260 2406 cet.
1277 2367 1323 2404 ve·

280 2425 382 2491 spectu.
866 2447 926 2484 rum
949 2432 1029 2487 etiarn
1054 2429 1106 2488 hoc
1127 2432 1188 2490 loco
1212 2435 1241 2490 in
1262 2433 1321 2492 Put.

236 2503 261 2558 7.
279 2501 434 2561 dilectum:
452 2504 521 2578 ΡΜ]
540 2504 679 2566 delectum.
699 2539 733 2551 -
866 2513 954 2572 littera
972 2539 989 2574 s
1007 2538 1087 2575 manu
1110 2519 1192 2576 altera
1213 2521 1321 2578 inducta

278 2587 340 2646 Plll:
360 2593 574 2670 contionemque.
867 2611 917 2661 cst.
936 2601 969 2662 cf.
988 2607 1014 2672 8,
1032 2609 1090 2666 3l.:
1109 2607 1182 2684 qnod
1200 2610 1225 2664 si
1243 2607 1320 2664 lecis-
1365 2621 1368 2628 '

218 2675 260 2733 lo.
275 2679 462 2752 prandisset:
474 2678 532 2740 ΡΜ.
542 2711 575 2724 -
586 2678 648 2739 Pll:
662 2684 733 2740 mitti
866 2698 917 2758 set,
935 2709 988 2746 non
1000 2691 1033 2753 li.
1044 2693 1182 2771 Papirium
1200 2695 1258 2754 sed
1273 2697 1320 2752 tri·

278 2764 397 2826 inurebat.
797 2779 799 2784 '
866 2775 954 2862 bupos
972 2780 1029 2836 sed
1038 2801 1153 2858 pronum
1167 2783 1263 2862 populi
1279 2786 1319 2840 iu·

138 2846 148 2894 ι’
217 2851 259 2908 11.
277 2851 336 2910 sed
352 2855 460 2910 uirium
483 2876 537 2931 cpe
559 2864 606 2912 set
626 2877 731 2914 manu:
867 2861 967 2920 dicium
998 2870 1160 2946 nequiquam
1181 2879 1319 2948 ⁴posteros

82 2929 93 2936 “
276 2934 299 2990 P
316 2956 352 2995 rn.
371 2941 415 3010 1.]
441 2941 491 2996 sed
512 2944 610 3000 virium
633 2964 682 3020 spe
705 2953 732 2999 et
866 2959 1046 3014 accusatores.

276 3040 357 3077 manu
369 3024 406 3093 (P
419 3046 453 3084 m.
466 3029 492 3084 2.
505 3027 531 3083 Μ
544 3029 603 3086 cod.
615 3029 731 3100 Rham).
750 3107 754 3116 1
805 3034 846 3093 13.
864 3036 895 3090 in
908 3038 1095 3110 prohibendo
1106 3041 1231 3103 dilectu.-
1249 3044 1317 3118 ΡΜ]

277 3135 313 3148 -
336 3107 420 3164 Recte
442 3112 512 3168 vidit
534 3114 556 3171 l.
582 3115 626 3172 l'r.
646 3113 731 3176 Gron.
864 3124 894 3178 in
929 3125 1099 3199 prohibendo
1130 3130 1246 3192 delectu.
1282 3165 1317 3178 -

264 3193 307 3249 ‘id
325 3195 396 3271 qnod
414 3199 444 3253 in
462 3200 631 3276 principibus
654 3201 730 3262 editt.
863 3207 940 3270 Leid.
957 3231 975 3272 1.
998 3214 1129 3294 multique
1151 3217 1198 3276 elii
1220 3219 1318 3280 Dran:

275 3281 362 3347 fuerat
375 3284 432 3340 sed
442 3305 532 3342 monn
543 3285 627 3342 multo
640 3289 729 3362 aptius
862 3298 892 3356 in
921 3298 1091 3374 prohibendo
1121 3303 1245 3364 delectus
1275 3309 1318 3364 sic

275 3366 329 3426 loci
352 3372 452 3430 rationi
473 3373 610 3450 multoque
632 3375 728 3433 lortius
860 3388 999 3462 patrosin
1017 3389 1085 3468 lege.

275 3475 334 3512 esse
353 3477 432 3534 quarn
451 3461 524 3538 quod
540 3463 573 3521 B.
582 3461 728 3521 Rhenanus
810 3500 844 3512 -
860 3491 916 3546 per
939 3479 1034 3534 omnis
1058 3481 1217 3540 comitiam
1233 3480 1317 3538 dies.-

181 3541 185 3549 “
277 3544 727 3627 scribivolueratetmenu,qusrn·
860 3557 938 3621 Leid.
955 3565 992 3635 ¹.]
1009 3585 1060 3641 per
1080 3586 1172 3624 omnes
1195 3569 1315 3624 comitio-

218 3623 221 3628 ’
274 3627 353 3704 quein
367 3632 395 3686 id
407 3631 552 3704 Drakenb.
568 3657 630 3694 cum
643 3642 680 3696 ita
697 3641 727 3697 in
860 3645 900 3705 les
919 3649 985 3710 dies.
996 3669 1029 3694 -r-
1038 3652 1065 3708 Μ
1076 3671 1111 3710 m.
1132 3651 1187 3710 1.Ρ
1198 3650 1313 3713 Harl.1.:

274 3716 398 3773 omnibus
417 3723 473 3776 suis
490 3721 566 3779 libris
588 3729 726 3803 reperiret,
856 3756 914 3810 per
932 3757 1032 3795 omues
1049 3739 1205 3796 comitialis
1232 3739 1315 3798 dics:

272 3804 382 3878 recepit.
392 3803 493 3861 Eadem
505 3811 647 3886 prudentia
657 3813 726 3870 Gro·
859 3823 908 3879 sed
934 3827 1030 3880 omnic
1056 3823 1100 3880 vel
1130 3843 1162 3880 eo
1192 3827 1314 3902 recipere

273 3889 370 3944 novius
395 3889 507 3950 alterum
534 3899 592 3954 eius
620 3904 726 3974 generis
858 3928 912 3963 non
928 3909 1057 3978 dubitavi,
1076 3911 1150 3988 quod
1162 3913 1198 3968 ita
1212 3915 1240 3969 in
1252 3913 1312 3972 Put.

234 4031 240 4040 ,
269 3972 358 4032 locum
382 3979 432 4048 24,
453 3983 495 4040 14.
520 3987 650 4056 restitnit,
678 3987 725 4044 ulri
858 4003 885 4050 et
907 3994 1126 4056 Laurislramensi
1148 3998 1226 4057 libris
1252 4005 1311 4056 sine

270 4061 354 4122 Dralr.
372 4066 401 4120 in
419 4069 475 4123 suis
493 4067 570 4130 libris
588 4081 616 4128 et
633 4093 682 4150 ego
696 4079 743 4132 in'
859 4079 912 4136 ulla
942 4103 1027 4163 prope
1057 4089 1214 4164 exceptione
1244 4091 1310 4144 scri·

269 4144 347 4208 Colb.
366 4161 393 4206 ct
404 4153 498 4215 Bomb.
518 4166 548 4214 et
566 4163 724 4220 uniuersos
856 4177 931 4246 ptum
950 4181 998 4230 cst.
