2836 4720
581 977 770 1078 TlTl
813 979 1003 1078 Ltvl

497 1171 574 1251 su
604 1167 774 1250 ouon
805 1171 1082 1250 conotus

555 1417 563 1434 .
682 1353 821 1439 bilibit
844 1353 900 1441 lli.

731 1542 858 1562 ιιι-ιιι·-

323 1687 350 1754 Ι.
394 1685 491 1757 Antio
521 1699 617 1784 capto
638 1689 712 1759 Tib.
734 1690 889 1760 Aemilius
918 1698 952 1759 ct
978 1691 1020 1779 Q.
1049 1687 1168 1758 Fabius
1196 1687 1347 1758 consules

236 1791 325 1882 (tunt.
363 1791 416 1862 hic
438 1786 508 1862 erat
528 1795 645 1866 Fabius
668 1796 808 1886 Quintus
828 1797 884 1891 qui
905 1820 988 1864 unus
1011 1796 1185 1865 exstinctae
1208 1797 1249 1863 ad
1273 1795 1347 1862 Cre-

235 1921 359 1966 meram
386 1900 472 1990 genti
507 1903 717 1993 superfuerat.
753 1902 819 1970 iarn
851 1901 956 1993 priora
990 1901 1160 1970 consulatu
1188 1899 1347 1970 Aemilius
1392 1903 1395 1908 '

237 2001 334 2070 dandi
357 2004 423 2095 agri
443 2006 531 2096 plebi
552 2007 658 2078 fuerat
679 2019 807 2076 auctore
828 2007 936 2098 itaque
958 2007 1101 2074 secundo
1116 2030 1249 2098 quoque
1273 2028 1346 2074 con-

200 2120 218 2173 5
236 2107 342 2175 sulatu
365 2109 432 2178 eius
455 2122 489 2179 et
511 2111 623 2204 agrarii
644 2133 681 2178 se
703 2110 737 2178 in
758 2133 851 2204 spem
872 2107 952 2202 legis
975 2122 1151 2195 erexerant,
1173 2123 1207 2182 et
1228 2108 1346 2179 tribuni

234 2235 304 2279 rem
327 2224 436 2282 contra
460 2217 609 2284 consules
631 2233 728 2307 saepe
751 2226 941 2308 temptatam
962 2216 1106 2285 adiutore
1133 2216 1246 2307 utique
1270 2239 1344 2283 con·

235 2315 304 2387 sule
326 2318 462 2409 optineri
490 2344 588 2414 posse
617 2320 676 2389 rati
704 2320 891 2412 suscipiunt.
929 2331 963 2390 et
990 2321 1112 2397 consul]
1133 2321 1286 2389 manebat
1313 2318 1346 2385 in

234 2420 390 2490 sententia
412 2447 482 2492 sua.
513 2449 718 2517 possessores
740 2450 856 2518 magua
873 2450 947 2518 pars
962 2437 1090 2518 patrum
1111 2425 1287 2496 tribuniciis
1309 2449 1344 2493 se

234 2523 350 2595 iactare
373 2529 550 2597 actionibus
572 2531 748 2624 principem
771 2531 906 2600 civitatis
929 2543 962 2600 et
987 2529 1151 2623 largiendo
1174 2533 1215 2600 de
1238 2531 1345 2600 alieno

188 2641 222 2698 10
234 2632 424 2724 popularem
445 2633 515 2702 fieri
537 2648 708 2728 querentes
736 2636 835 2705 totius
862 2636 1013 2704 invidiam
1039 2637 1086 2705 rei
1109 2661 1127 2704 a
1154 2636 1289 2704 tribunis
1311 2636 1345 2702 in

251 2809 276 2866 1.
298 2810 359 2870 Tib.
368 2811 532 2870 Aemilius:
551 2810 585 2872 of.
595 2815 622 2881 2,
631 2813 675 2872 ot.
687 2809 750 2870 PM:
887 2821 915 2869 et
925 2831 1020 2887 magno
1031 2821 1211 2890 paropatrum
1224 2811 1294 2885 (bi).
1309 2841 1345 2854 -

293 2897 376 2957 titus.
395 2928 430 2942 -
454 2899 489 2956 P:
507 2900 583 2956 antio
601 2902 679 2977 capio
698 2902 750 2970 (nr.
884 2899 922 2957 Pr
956 2919 1146 2976 possessorem
1175 2911 1203 2956 et
1238 2919 1343 2974 magus.

292 2985 333 3039 Ἅι
352 2989 450 3060 capto)
462 2989 528 3042 titus
540 2985 669 3043 asmalins
684 2996 711 3043 ot
723 2989 750 3066 (ἶ.
884 3007 921 3044 m.
934 2988 974 3044 2:
985 3007 1170 3064 possessores.
1190 2985 1234 3046 Cf.
1243 2990 1268 3052 2,
1281 2986 1342 3044 tas

294 3067 382 3126 iabios
400 3079 489 3130 oo'fiss.
506 3072 584 3130 fiunt.
744 3113 747 3119 -
884 3073 914 3130 id
923 3071 1022 3130 multos
1030 3075 1139 3151 quidem
1148 3081 1254 3151 patrum
1264 3076 1341 3151 ipsos

250 3155 276 3214 2.
294 3155 408 3213 Fabius
438 3158 581 3234 Quintum
610 3157 687 3238 Lips.
715 3190 749 3202 -
881 3179 1055 3236 possessuros
1089 3158 1211 3238 periculo
1249 3181 1341 3218 rorum

220 3291 225 3300 .
266 3263 269 3269 ·
296 3241 359 3301 Pii:
378 3245 465 3302 fabius
484 3245 630 3322 wsebor:
647 3277 682 3288 -
705 3244 749 3307 Cf.
840 3267 843 3276 ¹
883 3267 997 3304 suarum*
1012 3247 1132 3305 terrebat
1149 3247 1214 3319 (ΡΜ
1236 3257 1264 3305 et
1280 3247 1341 3308 roll.

293 3333 323 3402 t,
343 3337 384 3394 3.:
411 3353 480 3413 quae
493 3377 500 3394 .
515 3333 648 3415 ‚Longu
669 3335 750 3392 Atta
883 3335 992 3407 endu).
1010 3335 1044 3397 oi.
1063 3337 1143 3394 etiam
1162 3339 1207 3406 30,
1229 3339 1269 3396 3.=
1288 3341 1341 3406 „ot

293 3421 426 3502 appellata
439 3467 445 3482 .
458 3424 529 3480 inter
550 3421 695 3481 Lauinium
722 3431 750 3480 et
881 3423 921 3480 ita
933 3443 997 3503 pars
1011 3426 1097 3481 maior
1109 3433 1232 3481 auctores
1244 3429 1340 3484 suut“.

290 3513 401 3567 Albam
418 3513 555 3590 Longum
573 3522 624 3572 cet.
774 3516 782 3533 ”
882 3511 1031 3590 codemque
1065 3511 1142 3569 loco:
1182 3511 1340 3579 „Numidas

246 3595 273 3654 3.
292 3598 351 3652 iam
367 3600 469 3673 priore
480 3601 639 3658 consulatu
649 3599 747 3657 Aemi·
881 3602 1026 3678 praecipuo
1035 3597 1185 3656 harundine
1193 3599 1338 3654 textissto·

290 3683 367 3740 lius.-
390 3684 446 3743 ΡΜ.
468 3687 522 3744 iam
546 3690 638 3766 priore
655 3685 746 3744 temt-
878 3708 979 3765 rasque
1006 3705 1070 3764 pars
1105 3683 1219 3739 maxima
1255 3686 1336 3739 tectis

289 3765 358 3826 lius:
377 3768 450 3830 Harl.
468 3791 486 3831 r.
879 3778 982 3853 passim
1009 3770 1082 3828 nullo
1110 3769 1334 3829 ordine..babi·

245 3854 272 3912 6.
290 3864 394 3930 contrp
411 3861 601 3920 consules.·—
620 3860 660 3918 bl:
674 3865 746 3920 coss.
879 3861 1009 3916 tabanu‘:
1027 3857 1060 3916 al.

289 3938 323 3998 P:
343 3951 417 4002 cous.
833 3946 1042 4006 &tribuniciis
1060 3963 1094 4002 rc
1111 3945 1223 4004 ίαείανε
1242 3947 1333 4004 actio·

244 4030 272 4088 7.
291 4028 429 4103 optineri.-
447 4027 494 4103 tt]
513 4031 638 4093 obtineri.
878 4035 980 4092 nibus:
998 4029 1054 4091 ΡΜ.

243 4116 270 4174 8.
286 4136 479 4190 possessores
489 4139 599 4198 magno
609 4141 684 4196 porc
690 4143 743 4197 po·
769 4117 777 4132 ⁸
833 4125 862 4183 9.
877 4131 908 4179 et
923 4120 1099 4200 largiendo:
1115 4118 1174 4179 ΡΜ.

288 4211 382 4262 trum:
410 4203 485 4266 Harl.
504 4207 544 4278 u]
570 4227 744 4283 possessores
817 4206 859 4269 10.
878 4211 908 4266 in
917 4208 1069 4267 consulem
1079 4213 1263 4265 auerterunt.-
1272 4203 1327 4264 PM.
