2836 4720
234 277 297 345 178
700 283 860 345 unnnn.
908 243 909 248 Ν

105 483 109 486 ·
233 455 279 544 gis
302 463 414 520 auctor
441 447 584 516 tribunus
610 447 774 532 existeret,
802 459 995 539 occuparent
1021 456 1127 536 patres
1153 444 1213 537 ipsi
1237 471 1338 516 auum

233 579 348 624 munus
375 556 495 638 facere,
529 555 692 645 captiuum
719 575 829 645 agrum
861 552 947 643 plebi
977 575 1076 642 quam
1107 552 1246 620 maxime
1281 578 1339 622 ae-

132 695 134 712 ·
235 663 368 754 qualiter
396 662 519 726 darent:
548 666 659 727 uenum
687 681 759 725 esse
787 658 905 726 babere
932 679 989 725 eos
1017 681 1156 747 quorum
1179 660 1339 750 sauguine

234 793 271 834 ac
293 767 409 834 sudore
432 774 542 856 partus
564 762 615 830 sit.
653 763 810 854 aspernati
830 773 938 854 patres
959 773 1049 829 suut:
1074 761 1180 852 questi
1202 787 1339 855 quoque

197 871 362 962 squidem
383 867 479 936 nimia
502 868 600 960 gloria
622 867 782 936 luxuriare
803 877 837 936 et
858 891 1050 936 evanescere
1069 867 1212 936 viridum
1234 893 1339 960 quon

233 976 308 1043 dam
329 975 407 1042 illud
429 973 583 1042 Caesonis
605 971 775 1061 ingenium.
800 972 907 1040 nullae
929 973 1043 1068 deinde
1063 971 1204 1040 urbanae
1222 973 1337 1040 -factio

147 1165 150 1175 Ι
232 1103 291 1153 nes
319 1081 418 1148 hiere.
454 1078 652 1146 vexabantur
676 1077 907 1146 incursionibus
928 1076 1115 1169 Aequorum
1141 1076 1261 1146 lstirrir
1295 1101 1335 1146 eo

234 1208 310 1252 eum
337 1184 479 1252 exercitu
505 1182 611 1250 Caeso
636 1180 753 1250 nicom
778 1181 811 1252 in
839 1183 983 1274 ipsorum
1008 1180 1196 1274 Aequorum
1222 1205 1335 1274 agrum

234 1288 494 1380 depopulandum
515 1287 635 1356 transit.
672 1287 776 1377 Aequi
798 1311 834 1354 se
855 1288 887 1354 in
910 1287 1027 1380 oppida
1055 1297 1246 1379 receperunt
1266 1311 1335 1356 mu·

147 1472 150 1480 ,
189 1411 223 1465 tu
236 1393 343 1484 risque
366 1417 401 1461 se
423 1393 584 1460 tenebant.
623 1415 662 1460 eo
684 1391 771 1458 nulla
793 1373 898 1484 pugna
920 1392 1135 1462 memorabilis
1156 1392 1225 1462 luit.
1262 1405 1335 1462 uta

237 1497 369 1566 Veiente
398 1497 492 1566 hoste
519 1497 626 1565 clades
653 1508 785 1588 acceptu
813 1497 989 1566 temeritate
1024 1498 1153 1565 Menos
1186 1498 1335 1582 consulis,

234 1613 404 1694 actumque
431 1603 474 1670 cle
506 1601 649 1670 exercitu
679 1601 763 1670 leret
793 1602 826 1670 ni
856 1602 960 1673 Caeso
985 1602 1102 1672 Fabius
1128 1601 1162 1669 in
1187 1615 1334 1695 tempore

232 1707 373 1776 subsidio
400 1707 550 1774 venisset
595 1705 645 1772 Ex
674 1729 714 1774 eo
742 1717 887 1798 tempore
915 1731 1021 1800 nequo
1049 1729 1248 1800 pexusque
1270 1709 1334 1776 bel-

233 1813 301 1878 lum
323 1836 398 1879 cum
420 1807 608 1878 Veientibus
630 1809 704 1879 fuit:
726 1833 777 1880 res
799 1809 945 1904 proxime
966 1815 1000 1880 in
1020 1814 1158 1881 fonnem
1179 1812 1334 1882 latrocinii

236 2031 303 2088 ctas
332 2029 497 2123 senserant
518 2019 674 2108 legiones,
706 2043 798 2111 agros
824 2019 1040 2108 incursabant,
1073 2021 1195 2091 bellum
1227 2023 1333 2114 quiete

191 2143 193 2150 ’
233 2125 375 2214 quietem
397 2122 484 2190 bcllo
506 2124 538 2188 in
561 2124 665 2190 vicem
687 2125 862 2194 eludentes.
884 2127 928 2194 itu
949 2150 1054 2220 neque
1077 2125 1180 2196 omitti
1201 2133 1268 2195 toti
1283 2150 1333 2194 res

231 2250 292 2296 nec
314 2228 426 2318 perfici
444 2239 581 2318 poterat.
605 2237 638 2294 et
659 2229 719 2296 alia
740 2231 824 2298 bella
847 2243 902 2300 aut
923 2235 1100 2324 praeseutia
1118 2231 1278 2300 instabant
1298 2243 1332 2299 ut
1400 2269 1403 2298 t

106 2371 109 2376 ·
134 2334 141 2354 ‘
232 2333 273 2400 ab
295 2330 414 2422 Aequis
430 2328 621 2424 Volscisque
644 2355 709 2400 non
731 2335 846 2403 diutius
870 2358 966 2428 quam
981 2359 1092 2406 reeens
1115 2337 1209 2407 dolor
1229 2337 1332 2428 proxi-

185 2452 305 2506 bomae
327 2437 425 2504 cladis
447 2438 594 2505 mnsimr
615 2439 859 2528 quiescentibus,
882 2453 937 2510 aut
956 2465 1035 2511 mox
1057 2455 1202 2512 memros
1222 2465 1260 2509 se
1282 2466 1331 2533 ap

233 2541 366 2630 parebat
388 2539 523 2610 Sabinos
545 2566 673 2635 semper
693 2544 827 2613 infestos
848 2545 1071 2639 Etruriamque
1099 2569 1239 2616 omnem.
1276 2549 1332 2616 scd

231 2645 353 2714 Veiens'
373 2645 483 2731 bostis,
505 2647 655 2716 adsiduus
676 2651 776 2740 magis
798 2673 896 2743 quarn
912 2652 1023 2744 gravis,
1045 2651 1245 2722 contumeliis
1267 2653 1332 2720 iae

233 2751 304 2840 pius
327 2775 424 2840 quam
446 2752 588 2842 periculo
618 2754 740 2823 animos
769 2757 920 2847 agitabat,
956 2759 1044 2848 quod
1070 2757 1159 2826 nullo
1187 2770 1331 2850 tempore

231 2853 354 2943 neclegr'
376 2867 501 2942 poterat
524 2869 579 2926 aut
600 2861 700 2928 averti
722 2860 784 2928 alio
807 2861 946 2928 sinebat.
975 2861 1164 2929 tum'Fabia
1186 2887 1263 2954 gens
1286 2885 1332 2930 sc-

184 2971 218 3025 25
231 2967 341 3022 natum
377 2957 462 3024 adiit.
500 2962 613 3028 consul
640 2988 699 3051 pro
727 2975 822 3055 gente
849 2967 1004 3056 loquitur:
1040 2967 1198 3050 „adsiduo
1233 2967 1332 3057 magis

232 3074 329 3148 quam
350 3083 466 3148 magno
487 3063 646 3150 praesidio
669 3079 705 3132 ut
726 3069 826 3154 scitis,
858 3081 964 3160 patres
993 3073 1178 3164 conscripti,
1211 3071 1331 3138 bellum

249 3271 275 3328 3.
295 3287 396 3330 rurum
408 3287 475 3329 estc
487 3265 673 3333 bobereeoa:
688 3273 744 3335 PM.
880 3278 1001 3342 formam.
1014 3291 1047 3328 έ-
1062 3279 1085 3339 Ρ
1103 3303 1138 3345 m.
1158 3286 1183 3344 l.
1199 3283 1227 3340 M
1245 3303 1279 3343 m.
1294 3285 1331 3342 l.:

249 3359 274 3414 5.
293 3357 465 3416 luxuriare:
482 3358 505 3416 P
523 3380 558 3420 m.
576 3363 601 3421 9.
617 3360 651 3422 M.
670 3362 745 3421 luxo-
879 3372 1023 3447 proximae
1033 3373 1061 3428 in
1070 3372 1193 3431 lorma'ru.
1207 3371 1239 3430 M
1248 3391 1284 3430 m.
1293 3373 1332 3430 2:

297 3446 382 3502 riare:
407 3443 525 3509 Pun'l.
552 3479 588 3494 ·-
613 3450 654 3510 M:
679 3451 747 3509 illud
877 3462 1005 3534 proxima
1020 3462 1050 3518 iu
1068 3459 1161 3516 sormi.

295 3533 396 3588 cisonis
425 3535 568 3608 ingenium.
599 3567 633 3580 -
662 3538 746 3598 Paulo
819 3545 863 3602 18.
879 3565 933 3602 nec
947 3547 1055 3622 perfici
1067 3553 1200 3620 poterat:
1217 3541 1276 3601 PM.
1297 3574 1332 3588 ·-

294 3625 357 3690 post
374 3615 397 3671 P
413 3635 448 3675 m.
468 3621 506 3678 1.:
526 3643 621 3682 caesae
639 3629 745 3686 missus.
877 3631 917 3690 M:
945 3633 1082 3688 instabant
1107 3629 1140 3685 ab
1167 3631 1269 3706 aequis.
1296 3662 1332 3676 -

194 3771 200 3782 .
250 3701 275 3757 9.
295 3700 551 3776 depopulandum:
569 3709 624 3770 PM.
637 3743 671 3756 -
684 3712 746 3772 Plll:
879 3717 916 3774 P:
927 3721 1050 3796 proxime
1063 3714 1154 3776 cladis.
1166 3745 1201 3760 ·—
1213 3715 1255 3775 M:
1268 3739 1332 3777 con-

294 3797 458 3863 receperunt
474 3797 611 3876 murisque
623 3821 656 3857 ae
673 3809 752 3857 tenes
879 3802 993 3860 tumelis.
1010 3803 1059 3858 aed
1077 3803 1171 3862 eadem
1188 3826 1224 3866 m.
1242 3810 1265 3866 l.
1285 3807 1331 3864 arl-

220 3877 223 3887 ‘
294 3873 373 3932 hant.
396 3905 430 3917 -
451 3875 481 3936 P.
500 3899 535 3938 m.
555 3888 593 3944 1.:
612 3887 652 3944 ad
668 3909 682 3944 a
701 3909 745 3946 ue·
877 3888 963 3944 ditum
979 3887 1090 3948 alterum
1109 3895 1127 3952 ἰ.

276 4003 281 4008 .
296 3959 376 4020 iente.
388 3991 424 4004 -
441 3961 505 4024 PM«
523 3971 552 4025 ui
570 3992 636 4031 ceso
650 3972 746 4035 fabius.
815 3975 859 4035 ul.
878 3976 1007 4058 neclegi:
1024 3975 1092 4052 PM]
1106 3979 1211 4059 negligi.
1223 4010 1255 4020 -
1268 3977 1330 4035 PM:

235 4043 277 4101 1⁴.
293 4049 431 4121 proxime
449 4055 480 4109 in
491 4050 644 4132 formam.-
671 4061 693 4118 P
710 4083 745 4123 m.
877 4063 962 4122 odiit.
974 4058 1037 4123 PM:
1046 4088 1103 4144 pro
1113 4077 1210 4148 gente.
1221 4096 1255 4108 -
1266 4064 1328 4122 PM:

295 4133 321 4192 9.
352 4143 379 4189 et
408 4138 465 4198 rell.
492 4140 611 4218 codd.]'
623 4151 745 4224 proxime
879 4157 912 4210 ui
927 4153 1010 4212 scilic
1024 4175 1070 4229 .p.
1088 4155 1246 4233 cqbellraem.

1400 1049 1403 1122 l

82 1969 85 1974 .
153 1919 154 1924 ’
187 1927 379 1986 revenerare
414 1911 593 2004 legionibus
613 1915 767 1984 Romanis
788 1915 945 1998 cedebant
964 1918 999 1985 in
1018 1919 1141 2002 urbem,
1162 1919 1218 1989 ubi
1239 1919 1333 1986 obclu-
1401 1991 1403 2012 ,
