2838 4822
562 245 713 363 ιιιιιιι
838 387 843 400 Ι
1033 291 1037 307 “
1141 289 1181 358 ιι

82 471 158 526 tere
181 483 293 543 orrares
314 462 355 530 ab
376 473 462 532 tanta
483 463 634 544 foeditate
655 463 828 554 spectaculi
842 445 963 532 oeulds'.
986 451 1204 559 primuni
1138 466 1181 534 ul·

80 564 267 686 timurnque
287 567 366 634 illud
370 569 578 660 supplicium
607 570 691 658 apud
710 568 874 637 Romans
902 571 1046 660 euernpli
1060 569 1181 668 parurn

79 669 238 736 memoris
261 670 369 762 legnrn
391 673 615 765 humanarum
623 672 721 742 suit!
712 697 744 740 ιιι
767 672 833 740 eliis
854 671 978 762 gloriari
1003 673 1077 741 licet
1103 673 1181 742 arilli

77 775 229 868 genitium
250 775 391 844 rrdtiares
413 776 569 866 placuisse
591 799 720 866 poenas.
819 827 822 842 .
903 831 907 842 .
956 843 959 851 A

174 877 293 947 XXIX
315 880 399 954 Inter
419 880 549 950 haec'
521 905 585 966 rans
588 881 770 972 praemissi
796 877 912 948 Albam
939 892 1028 950 erant
1049 881 1122 972 eqni
1123 893 1209 965 tes‚5

57 981 139 1072 (qni
162 983 256 1050 multi
255 972 396 1055 tudinem
416 987 618 1054 traducerent
636 985 788 1056 ‘Romana
817 985 957 1077 legiones
986 985 1098 1054 deinde
1127 987 1179 1050 du-

77 1087 219 1165 etaesad
242 1087 425 1170 diruendam
446 1090 569 1158 urbem.
593 1115 676 1182 qaae
698 1091 753 1166 ubi
779 1091 951 1163 intravere
962 1100 1085 1180 portae,
1115 1113 1180 1168 nnn

38 1213 42 1228 ¹
76 1189 213 1280 quidem
241 1191 300 1258 fuit
327 1193 480 1280 tumbltns
508 1193 562 1263 ille
590 1219 650 1263 nec
676 1218 777 1286 pavor
798 1193 900 1284 qualis
923 1205 1087 1284 captarum
1109 1215 1179 1262 esse
1217 1205 1220 1216 '

9 1303 17 1314 '
67 1293 210 1362 ‘urbium
233 1295 324 1381 salet,
345 1322 423 1366 erun
442 1298 577 1369 effractis
598 1299 699 1389 portis
720 1299 872 1368 stratisve
886 1299 982 1375 ariete
1005 1297 1102 1364 muris
1125 1308 1179 1364 aut
1286 1343 1300 1368 t

77 1423 154 1466 arce
177 1399 209 1466 vi
231 1412 322 1492 capta
345 1403 465 1470 clamer
485 1402 609 1472 hostilis
636 1415 669 1472 et
691 1425 802 1498 (ansus
823 1426 881 1492 per
907 1402 1021 1470 nubem
1046 1411 1178 1468 armato-
1193 1420 1227 1476 te

75 1526 153 1570 rum
175 1503 281 1572 omnia
303 1506 386 1574 ferre
409 1508 600 1598 flammaque
623 1507 751 1576 miscet:
773 1507 830 1579 sed
852 1506 1011 1576 silentium
1032 1505 1120 1572 triste
1141 1529 1179 1584 ae
1273 1567 1282 1584 ,

47 1662 51 1667 .
76 1607 175 1674 tacita
203 1609 358 1676 maestitia
386 1611 429 1678 ita
444 1609 568 1680 ‘defluit
594 1611 737 1678 omnium
765 1611 897 1694 animos,
923 1621 960 1677 ut
986 1634 1062 1702 prae
1090 1620 1178 1677 metu
1274 1659 1278 1667 -

78 1710 172 1776 obliti
194 1711 270 1802 quid
292 1713 507 1800 relinquerent
526 1713 602 1800 quid
624 1737 733 1780 seeum
757 1713 890 1794 ferrent,
918 1714 1082 1781 deficiente
1105 1716 1177 1779 cnu-

53 1811 59 1900 ζ
78 1812 154 1880 silio
176 1814 410 1904 rogitantesque
433 1815 484 1882 alii
503 1815 581 1884 alins
602 1837 687 1886 nune
708 1817 741 1882 in
761 1814 921 1915 brnipibuq
942 1825 1076 1896 starent,i
1093 1838 1177 1882 nunc
1220 1826 1227 1851 ·
1248 1873 1252 1894 ,

12 1916 19 1926 ’
45 1969 48 1981 .
79 1915 249 1984 errabundi
272 1919 385 1986 damas
402 1941 485 2020 suas·
502 1919 649 1989 ultimum
670 1920 751 1986 illud
762 1919 858 1986 visuri
872 1929 1126 2008 pervagarentur.
1142 1929 1178 1984 ut
1190 1939 1230 1994 15!

78 2044 157 2087 vere
179 2021 243 2088 iam
266 2021 409 2111 equiturn
431 2022 661 2108 clamorerrire
682 2023 860 2092 iubentium
873 2020 1017 2104 instabat
1040 2021 1104 2091 iam
1119 2022 1176 2086 lra-

43 2187 56 2210 ,
77 2148 138 2214 gor
158 2135 317 2194 tectorum
339 2149 421 2216 qnae
445 2126 646 2196 diruebantur
667 2127 787 2200 ultimis
808 2127 894 2194 urbis
910 2127 1061 2217 partibus,
1073 2125 1175 2192 audie-
1258 2106 1261 2126 ³

77 2227 134 2296 bat
121 2240 180 2312 t‚nr
202 2229 371 2321 puluisque
393 2254 435 2297 ex
458 2229 643 2300 distantibus
664 2231 744 2303 loeis
766 2241 854 2299 ortus
877 2232 966 2302 velut
987 2229 1072 2298 nube
1088 2228 1176 2303 indu

58 2345 132 2402 eta
154 2334 260 2402 amnia
282 2335 478 2426 impleverat,
501 2335 616 2426 raptim
638 2335 751 2432 quibus
774 2335 914 2428 quisque
931 2343 1056 2426 poterat
1043 2329 1217 2416 teletiss

79 2460 156 2504 eum
181 2431 281 2504 larem
308 2463 346 2506 ac
375 2449 506 2530 penates
533 2451 681 2530 tectaque
708 2439 741 2507 in
768 2439 883 2558 quibus
916 2450 1008 2506 natus
1040 2437 1175 2528 quisque
1187 2459 1223 2514 ιο

42 2585 51 2603 t
81 2543 296 2632 educatusque
320 2554 405 2611 esset
425 2543 638 2633 relinquentes
653 2545 783 2628 exuent,
799 2544 863 2613 iam
877 2543 1041 2626 reatinens
1062 2567 1176 2632 agmen

14 2635 47 2708 ’.
80 2645 280 2736 wantiam
306 2645 537 2737 inpleverat'
507 2669 584 2714 nas.
611 2659 646 2714 et
672 2659 878 2738 conspectus.
901 2646 1034 2716 eliorum
1066 2659 1176 2714 mutua

81 2749 281 2818 miseratione
295 2749 479 2840 integrabat
499 2749 659 2822 lacrimas:
681 2773 842 2840 vocesque
865 2749 961 2828 etiarn
981 2751 1175 2822 miserabiles

82 2842 330 2924 exaudiebantur
350 2855 521 2923 mulierum
540 2877 648 2945 prae
669 2880 720 2939 ne,
743 2878 818 2922 cum
840 2853 970 2924 obsessa
993 2854 1033 2920 ab
1049 2854 1174 2922 armatis

9 2967 10 2974 ’
65 2959 200 3050 templa
234 2970 366 3078 augusta
398 2960 606 3050 praeterirent
637 2985 675 3028 ae
708 2958 798 3031 velut
824 2970 934 3049 captas
961 2959 1222 3068 relinquerentstt

36 3062 43 3088 ’
85 3065 171 3130 deos.
194 3063 327 3156 egressis
348 3065 462 3132 urbem
483 3062 613 3132 Albanis
634 3065 796 3134 Romanus
818 3063 938 3153 passim
965 3045 1092 3154 publiea
1114 3065 1174 3157 pri

32 3213 60 3222 „
84 3178 237 3258 vataque
246 3167 367 3236 onmia
379 3179 463 3238 tecta
491 3170 648 3260 adaequat
673 3169 760 3254 salo,
781 3192 937 3263 unaque
930 3167 1013 3250 hora
1032 3171 1174 3261 quadrin-

85 3283 249 3362 gentorum
277 3285 433 3340 annornm
460 3297 557 3364 opus,
584 3273 699 3369 quibus
720 3271 802 3342 Alba
830 3284 969 3355 steterat,
991 3275 1114 3344 excidio
1137 3298 1175 3341 ae
1257 3335 1262 3345 ,

86 3373 178 3442 ruinis
202 3375 296 3443 dedit.
318 3378 452 3471 templis·
466 3389 574 3447 tamen
596 3378 692 3446 deum
719 3417 764 3432 -
791 3377 834 3444 ita
856 3378 942 3446 enim
969 3377 1108 3444 edictum
1135 3377 1175 3444 ab

87 3503 158 3572 rege
179 3478 283 3548 iuerat
304 3492 580 3574 -temperatum
601 3493 667 3552 est:
1187 3499 1224 3556 30

170 3581 276 3652 ΧΧΧ.
318 3585 422 3655 Roma
448 3587 572 3655 interim
600 3584 713 3654 crescit
737 3581 843 3654 Albae
858 3581 970 3650 nrirris:
1001 3582 1177 3675 duplicatur

71 3686 201 3759 civium
221 3713 388 3758 muneras:
412 3687 537 3760 Caelius
559 3691 683 3760 additur
696 3686 768 3758 urbi
782 3709 890 3756 mons:
906 3699 939 3758 et
953 3712 1017 3780 quo
1033 3687 1176 3782 frequen

110 3811 135 3898 ¹:
149 3813 186 3868 ab
202 3821 287 3868 tanta
296 3811 466 3884 foeditate:
487 3811 559 3886 Plll]
582 3834 598 3872 a
667 3813 712 3872 Pi.
727 3811 899 3887 praecipue.-
907 3809 1032 3870 P.·-lll:
1042 3815 1178 3890 peipruac:

39 3931 41 3938 ›
149 3906 221 3954 nnn
238 3897 374 3984 foeditate.
523 3944 527 3950 .
665 3948 668 3954 .
730 3908 771 3957 ιιι
775 3917 881 3976 semper
898 3896 1001 3954 serem
1018 3910 1072 3958 aut.
1090 3899 1178 3972 libris.

63 3985 134 4042 ’.5
150 3983 271 4042 Albam.-
283 3987 359 4048 P.-
370 3985 413 4049 tt:
425 3987 540 4048 Albani-r
549 3987 597 4046 sed
667 3991 713 4048 39.
731 3987 867 4048 Caeliae.
883 3984 930 4058 P}
947 3981 1117 4046 coenn-

150 4073 182 4128 ιιι·
196 4091 233 4132 ιιι.
250 4075 277 4132 9.
294 4075 322 4131 in
333 4095 392 4138 ras.
682 4073 861 4133 calide.

10 4161 11 4164 ’
98 4159 136 4220 15.
151 4143 284 4219 altimdm
301 4162 392 4222 illud:
410 4162 467 4224 Pll.
