2832 4720
98 351 100 356 ·
215 327 297 401 ,270
699 263 918 396 bisinus
1015 371 1019 376 -

198 479 201 486 .
232 504 359 571 debant.
405 523 446 568 eo
473 498 524 567 die
555 520 654 590 penes
687 497 886 588 preelectum
919 495 996 564 ium
1026 495 1128 565 fasces
1162 494 1352 566 duodecim

232 619 336 692 erant,
372 603 511 695 conlegis
537 625 656 671 novem
689 602 803 694 singuli
830 601 956 672 accensi
988 601 1194 694 apparebant.
1237 613 1276 671 ct
1316 603 1351 672 iu

231 712 325 780 unica
347 709 518 778 concordia
539 708 621 776 inter
641 707 730 800 ipsos
751 741 796 790 ···.
818 707 875 800 qui
896 727 1070 776 consensus
1091 707 1223 798 privatis
1248 707 1352 778 intes

231 817 309 884 dum
335 814 452 884 inutilis
479 824 566 882 esset
586 849 631 866 «-
652 835 778 880 suranna
807 813 957 881 adversus
979 811 1060 880 alios
1089 811 1235 904 aequitas
1264 825 1351 884 erat.

201 919 458 991 moderationis
481 943 593 990 eorum
615 927 837 1008 argumentum
858 916 1008 1008 exemplo
1029 916 1122 1000 unius
1137 917 1185 984 rei
1206 929 1349 1018 optasse

232 1027 307 1094 satis
331 1025 412 1093 erit..
438 1049 514 1094 curn
535 1023 854 1116 sinelprouocatione
876 1021 974 1090 creati
995 1032 1111 1105 essent,
1134 1022 1269 1090 defosso
1295 1047 1348 1092 ca·

231 1131 347 1199 devere
370 1130 457 1196 dorni
478 1129 563 1222 apud
577 1129 614 1197 P.
630 1126 770 1196 Sestium
791 1127 942 1220 patriciae
964 1125 1066 1218 gentis
1084 1126 1189 1196 virum
1203 1127 1344 1197 invento

233 1236 425 1328 prolatoque
445 1234 480 1300 in
502 1233 685 1302 contionem
706 1234 740 1300 in
760 1258 795 1301 re
818 1234 907 1300 iuxta
928 1231 1095 1304 manifesta
1118 1243 1215 1322 atque
1240 1232 1346 1302 atroci

231 1339 269 1407 C.
291 1338 389 1406 Iulius
413 1338 573 1406 decemvir
595 1338 681 1406 diem
702 1337 807 1407 Sestio
837 1335 928 1420 dixit,
961 1347 995 1405 ct
1022 1347 1188 1404 emanator
1216 1337 1259 1404 ad
1283 1363 1343 1430 po·

187 1455 220 1513 to
231 1443 345 1536 pulum
367 1441 471 1511 'extitit
491 1442 581 1512 cuius
601 1439 649 1510 rei
668 1442 765 1510 iudex
786 1441 944 1533 legitimus
966 1451 1049 1524 erat,
1070 1440 1274 1532 decessitque
1297 1463 1342 1510 ex
1383 1483 1385 1492 =

230 1548 298 1616 iure
330 1571 391 1635 suo
423 1558 462 1618 ut
490 1550 658 1640 demptum
685 1549 726 1615 de
748 1547 786 1646 ‘vi
818 1547 1020 1640 magistratus
1054 1546 1165 1638 populi
1197 1545 1340 1618 libertati

231 1653 382 1720 adiceret.

317 1755 469 1845 XXXIV.
514 1758 599 1826 Cum
619 1769 807 1850 promptum
828 1755 892 1824 hoc
913 1756 963 1824 ius
977 1755 1066 1824 velut
1088 1779 1131 1824 ex
1146 1755 1278 1824 oraculo
1293 1757 1338 1824 in·
1392 1823 1394 1836 ,

232 1872 418 1952 corruptum
439 1862 557 1952 pariter
578 1863 618 1930 ab
640 1863 678 1929 iis
701 1863 819 1930 summi
844 1861 1009 1954 infimique
1038 1859 1170 1943 terrent,
1201 1871 1273 1929 tum
1293 1861 1335 1929 le·

185 1966 323 2056 regibus
346 1966 520 2034 condendis
543 1991 641 2056 opera
664 1967 813 2035 dabatur:
849 1965 1030 2058 ingentique
1051 1963 1220 2032 hominum
1241 1989 1335 2056 expe·

233 2069 372 2137 clatione
405 2069 577 2161 propositis
610 2072 724 2140 decem
756 2071 872 2142 rabulis
899 2071 1057 2164 populum
1085 2071 1126 2138 ad
1153 2071 1340 2155 contionem

233 2174 477 2257 advocaverunt,
499 2163 533 2242 et
555 2176 642 2266 quod
663 2175 786 2244 bonurn
802 2176 942 2243 leustum
963 2177 1104 2268 felixque
1126 2176 1173 2244 rei
1188 2175 1332 2266 publicae

232 2277 307 2368 ipsis
329 2277 500 2369 liberisque
522 2301 635 2347 eorum
657 2291 756 2364 esset,
791 2280 837 2348 ire
860 2291 894 2349 et
914 2281 1020 2372 legere
1043 2277 1131 2374 leges
1153 2280 1330 2372 propositas

231 2383 362 2452 iussere.
384 2407 420 2450 sc
443 2393 600 2474 quantum
621 2386 735 2455 decern
756 2386 923 2454 hominuni
945 2385 1076 2476 ingeniis
1099 2385 1257 2478 provideri
1276 2410 1329 2478 po·

184 2501 220 2557 90
231 2487 334 2570 tuerit,
356 2486 561 2574 omuibus-
573 2489 706 2556 summis
726 2490 907 2580 infimisque
923 2525 968 2540 -—
981 2491 1049 2558 iura
1067 2513 1236 2582 aequasse:
1258 2491 1327 2583 plus

231 2594 353 2684 pollere
364 2593 539 2660 multorum
557 2595 681 2686 ingenia
698 2595 912 2686 consiliaque:
931 2608 1094 2663 versarent
1108 2597 1141 2662 in
1156 2595 1267 2663 animis
1282 2619 1326 2663 se

231 2695 306 2765 cuni
326 2718 587 2792 unamquamque
608 2725 687 2786 rem,
701 2701 863 2796 agitarent
885 2699 999 2768 deinde
1015 2700 1215 2769 sermonibus
1228 2711 1326 2792 »atque
1351 2727 1354 2739 ’

246 2893 274 2947 7.
292 2887 327 2949 P.
346 2889 484 2951 Sestium.
508 2924 542 2935 -
567 2892 603 2950 P:
622 2893 702 2970 apud.
718 2909 746 2972 p.
880 2893 966 2960 sumi)
985 2891 1154 2967 infimiquer
1176 2890 1244 2964 ΡΜ]
1260 2892 1324 2971 pari-

293 2978 416 3034 sextium.
434 2977 462 3036 ll
480 2979 539 3038 eod.
556 2978 657 3059 Rhea:
675 2981 745 3056 apud
879 2987 920 3034 ter
943 2977 977 3034 ab
1004 2977 1047 3034 bis
1074 2990 1125 3038 cet.
1155 3012 1189 3022 -
1219 2977 1288 3039 Harl.
1307 2999 1322 3035 1.

290 3063 415 3119 sextium.
876 3060 997 3124 Leid.1.=
1015 3063 1048 3121 ab
1067 3064 1110 3122 bis
1122 3069 1224 3142 pariter
1235 3069 1323 3124 summi

248 3148 275 3204 8.
293 3147 324 3202 in
342 3149 514 3207 contionem.
527 3179 561 3191 -·
579 3151 618 3209 tl:
637 3154 665 3208 iu
683 3173 745 3208 con·
878 3151 1026 3229 infimique.
1049 3183 1083 3195 -
1108 3153 1150 3211 ll:
1174 3151 1322 3232 propositis.

292 3234 452 3298 tentionem.
471 3235 507 3293 P:
526 3239 555 3293 iu
573 3241 698 3296 contione
716 3241 745 3296 in
876 3260 902 3299 x.
919 3239 1026 3300 tabulis.
1044 3271 1079 3284 ·-
1096 3239 1137 3298 dl:
1155 3241 1279 3322 populum
1290 3243 1322 3300 ad

177 3367 181 3376 .
261 3331 265 3341 ‘
285 3331 322 3376 're
338 3323 420 3380 iuxta.
438 3341 474 3383 m.
492 3326 532 3384 b:
550 3327 638 3386 iusto.
878 3329 1081 3386 contentionem
1098 3328 1298 3390 aduocauerunt.

246 3412 272 3468 9.
292 3409 370 3466 diem
387 3409 487 3469 Sestio
510 3413 604 3469 dter't:
627 3411 684 3474 ΡΜ.
708 3447 745 3461 -
816 3417 859 3476 17.
878 3426 907 3472 et
925 3417 1009 3493 quod
1019 3417 1126 3474 bonum
1130 3415 1268 3490 faustum
1272 3413 1320 3489 fe·

290 3497 328 3553 bl:
348 3507 375 3554 et
392 3509 523 3560 sensatur.
542 3499 579 3558 P:
598 3511 625 3558 et
642 3503 743 3560 odcus-
876 3504 983 3580 dieque
1001 3507 1088 3581 reip„-
1105 3505 1168 3562 ΡΜ.
1179 3504 1212 3560 cl.
1225 3506 1249 3569 3,
1266 3506 1319 3561 bl:
1338 3489 1346 3504 ⁴

287 3587 361 3639 satbr
378 3585 507 3663 populum
524 3590 637 3646 exstitit.
878 3588 953 3668 quod
971 3589 1071 3664 bpuum
1085 3591 1199 3646 faustum
1211 3587 1321 3665 felixque

228 3669 271 3726 10.
297 3669 483 3750 decessitque
513 3696 553 3732 ex
580 3677 645 3732 iure
671 3696 741 3734 sune
874 3678 912 3732 sit
933 3677 1010 3733 robis
1029 3678 1119 3754 reique
1135 3671 1263 3749 publicae.
1285 3708 1317 3720 -

289 3754 339 3812 ΡΜ
360 3753 433 3818 Harl.
450 3780 467 3819 1.
489 3759 565 3822 Leid.
584 3765 623 3835 ι]
651 3762 741 3820 deces-
873 3761 912 3819 M:
931 3771 1064 3838 quantam.
1085 3779 1111 3819 x.
1129 3757 1263 3819 bominum
1279 3764 1315 3820 iu·

172 3887 178 3896 ,
288 3844 452 3920 sitquelure
470 3865 529 3925 suo.
547 3879 581 3890 -
612 3847 740 3910 flaverat
874 3850 959 3924 geniis
978 3857 1027 3904 eet.

243 3937 248 3950 ⁸
288 3931 327 3988 de
345 3933 403 3988 iure
420 3949 480 3991 suo.
675 3957 679 3970 ¹
813 3937 857 3996 ll.
876 3944 1029 3992 uersarent
1047 3935 1078 3991 s‘n
1095 3935 1204 3996 animis
1226 3956 1315 3996 aecum

227 4019 271 4078 13:
289 4021 370 4076 uelut
381 4041 421 4076 ex
432 4023 568 4080 oraculo.-
587 4021 609 4080 P
620 4044 656 4084 m.
668 4025 693 4084 2.
705 4023 741 4085 bl.
874 4041 1113 4101 unamquamque
1125 4045 1202 4082 rem:
1220 4024 1271 4084 Pll.
1282 4057 1312 4068 -

289 4137 322 4150 --
340 4107 415 4167 Pm.
435 4111 475 4167 1.:
494 4109 568 4170 uelr't.
872 4110 1311 4189 Plll:caslegesbabiturum.pn.r.

227 4195 270 4252 ll.
286 4197 398 4269 perdar·
425 4197 463 4252 ab
490 4199 527 4254 iis
554 4201 662 4256 summi
685 4196 739 4268 (rtz
872 4198 918 4271 (b.
937 4219 960 4259 e.
977 4199 1106 4279 populum
1124 4201 1277 4268 romanum).
