2756 4720
193 163 259 234 456
662 167 770 230 utsutt
785 167 830 230 IV.

382 289 392 320 b

195 339 312 410 cilient
356 333 602 430 adprobantibus
617 323 620 331 Δ
634 333 755 418 cunctis
783 343 816 402 et
844 341 917 402 aute
943 312 1055 400 dmnes
1085 328 1137 414 Q.
1175 327 1356 396 Servili«

147 463 151 472 '
197 443 306 513 Prisco
328 443 417 536 quod
438 465 504 510 non
526 441 747 531 degenerasset
767 437 807 503 ab
821 435 918 528 stirpe
933 434 1063 502 Claudia
1080 433 1356 534 conlaudante

195 549 357 632 iuvenem,
385 545 548 639 negotium
568 543 660 611 datur
680 553 717 610 ut
738 561 820 632 quos
842 539 978 632 qrrisque
998 550 1114 630 posset
1139 562 1201 606 ex
1224 537 1356 606 colle

195 652 254 744 gio
270 654 469 723 tribunorum
491 650 532 718 ad
546 647 806 716 intercessionem
826 644 1025 736 perlicerent.
1059 643 1175 711 misso
1199 653 1351 710 senatu

160 771 179 828 b
196 770 382 848 prensantur
402 757 444 823 ab
464 752 658 848 principibus
679 751 807 842 tribuni:
828 750 992 819 suadendo
1012 747 1198 816 monendo
1229 746 1345 837 polli-

197 863 365 955 tendoque
392 872 517 954 gratum
543 858 578 924 id
601 855 729 946 singulis
755 853 902 945 privatim
923 865 1048 947 gratum
1072 851 1257 921 universo
1287 874 1343 918 se·

197 967 285 1036 naui
306 967 389 1050 iore,
416 989 475 1034 sex
496 964 537 1032 ad
557 959 816 1029 intercessionem
837 982 1066 1050 conparavere:
1099 967 1340 1050 posteroque

199 1071 249 1142 die
272 1094 345 1140 cum
369 1094 411 1139 ex
432 1066 611 1159 composito
637 1048 775 1134 relbtum
801 1063 843 1130 ad
870 1075 1017 1132 senatum
1046 1073 1136 1155 esset
1160 1063 1214 1129 de
1241 1061 1337 1128 sedi-

197 1173 284 1244 tione
313 1198 411 1266 quam
440 1172 585 1241 Mecilius
611 1169 815 1260 Metiliusque
841 1157 1006 1259 largitione
1035 1167 1187 1260 pessimi
1204 1191 1333 1234 exem-

151 1294 186 1352 to
197 1279 243 1370 pli
271 1279 448 1360 concirent,
481 1300 539 1344 eae
554 1274 724 1362 ‚ausones
752 1292 771 1340 a
798 1272 988 1362 primoribus
1014 1284 1147 1364 patrum
1175 1270 1328 1339 habitae

198 1391 288 1465 sunt,
315 1392 352 1448 ut
374 1403 491 1471 prose
514 1377 650 1472 quisque
670 1378 735 1446 iem
760 1399 821 1446 nec
849 1378 1017 1446 consilium
1037 1377 1098 1444 sibi
1125 1387 1324 1468 suppetere

198 1485 318 1554 diceret
338 1509 399 1554 nee
428 1509 464 1554 se
491 1484 591 1554 rrllam
618 1507 716 1576 opem
738 1505 867 1552 eernere
895 1481 989 1551 aliam
1012 1505 1153 1573 usquam
1174 1491 1322 1571 praeter

199 1612 297 1678 quam
317 1589 351 1656 in
373 1589 541 1658 tribunicio
563 1589 692 1658 amilio.
729 1588 763 1656 in
784 1587 852 1656 eius
868 1587 1034 1680 potestatis
1047 1587 1147 1668 tidem
1169 1585 1317 1654 circum-

92 1751 100 1766 ,
198 1705 328 1763 ventam
348 1719 418 1764 rem
435 1695 599 1786 publicam
612 1705 777 1784 tamquam
791 1691 950 1784 privatum
964 1692 1095 1784 inopem
1114 1690 1312 1781 consurgere.

73 1834 79 1850 ·
152 1815 187 1874 tt
199 1799 399 1889 praeclarum
421 1799 497 1891 ipsis
520 1797 734 1892 potestatique
756 1819 837 1880 esse,
857 1820 925 1866 non
945 1796 986 1864 ad
1007 1795 1194 1864 vexandum
1213 1817 1311 1874 sena-

198 1911 270 1968 tum
297 1903 550 1996 discordiamque
578 1903 726 1973 ordinum
751 1901 945 1978 movendam
971 1901 1044 1993 plus
1072 1901 1106 1968 in
1137 1900 1308 1969 tribunatu

199 2005 314 2076 virium
337 2031 409 2078 esse
431 2033 529 2100 quam
552 2009 592 2076 ad
614 2006 826 2076 resistendum
846 2004 986 2098 inprobis
1008 2005 1159 2097 conlegis.
1197 2006 1305 2072 fremi-
1354 1994 1356 2002 ¹

199 2117 252 2176 tus
274 2111 388 2180 deiude
410 2112 548 2181 universi
569 2120 698 2180 senatus
721 2122 819 2193 ortus,
840 2134 915 2178 cum
932 2135 975 2180 ex
990 2111 1136 2179 omnibus
1157 2112 1302 2202 partibus

200 2212 306 2282 curiae
328 2215 445 2282 tribuni
465 2215 710 2305 appellarentur.
746 2204 817 2284 tum
839 2215 963 2302 silentio
985 2216 1071 2286 facto
1093 2216 1114 2286 ii
1135 2217 1190 2308 qui
1211 2240 1300 2308 prae

152 2318 301 2408 separati
324 2329 414 2388 erant
434 2318 532 2412 gratia
559 2319 753 2412 priuciptun,
781 2343 879 2430 qnam
906 2306 1104 2412 rog'atiouem
1128 2345 1147 2388 a
1169 2321 1299 2413 collegis

202 2505 204 2510 .
264 2458 622 2540 etevidetarperspexisser
636 2481 716 2530 „vro-
788 2463 831 2524 ta.
850 2463 943 2522 aliem
960 2482 1103 2539 usquomr
1122 2460 1147 2518 ,P
1166 2481 1200 2521 ru.
1218 2463 1242 2521 i.
1261 2461 1296 2522 ll.

264 2545 350 2604 durch
368 2549 409 2604 sie
426 2547 486 2606 sich
509 2549 587 2607 nieht
603 2569 655 2608 nur
673 2549 717 2606 die
849 2577 885 2592 --
903 2549 926 2606 P
943 2569 978 2608 m.
998 2551 1035 2609 t:
1054 2549 1106 2606 alia
1117 2569 1249 2627 nusquam.
1260 2580 1294 2592 -

263 2631 362 2694 Ersteu
381 2634 430 2694 der
441 2634 523 2695 Vtter
534 2637 652 2696 sondern
665 2637 718 2694 den
789 2681 793 2688 .
848 2633 889 2696 M:
907 2637 1056 2697 tribunitio.

140 2708 147 2736 ¹
265 2722 717 2796 ganzenSeuatbeireundeuwtlur
789 2725 832 2785 tt.
856 2730 946 2800 remp.
972 2731 1124 2800 tamquam
1147 2724 1291 2799 priuatum

263 2807 349 2872 den.“
375 2841 413 2856 -
439 2809 480 2870 lus
507 2813 717 2890 adprobantibus
849 2813 967 2886 inopem
992 2809 1167 2890 confugere:
1187 2809 1208 2866 P
1229 2811 1287 2870 cod

265 2917 334 2952 cunc
360 2909 381 2952 tr
403 2907 465 2957 ante
488 2918 589 2959 omnes.
618 2919 654 2960 m.
676 2902 716 2958 3.:
848 2895 935 2956 Rhea.
953 2930 988 2942 ·-
1006 2897 1047 2956 ll:
1065 2905 1147 2977 remp.
1161 2907 1285 2973 umquam

265 2985 377 3042 cunctis.
847 2985 982 3061 priuatum
991 2987 1100 3062 inopem
1109 2986 1211 3062 effugere
1217 2984 1285 3065 pcla-

220 3069 247 3126 9.
264 3069 305 3126 ab
326 3069 418 3144 stirpe
436 3071 581 3128 Claudio:
600 3069 656 3130 ΡΜ.
679 3101 715 3116 --
832 3090 907 3130 sum
925 3081 975 3131 oet.

190 3162 194 3173 ¹
265 3153 342 3212 Multi
364 3175 445 3215 recu:
471 3157 505 3216 ab
527 3160 612 3238 stirpe
635 3158 715 3220 Clau·
787 3157 832 3218 16.
841 3159 911 3233 plus
921 3159 1110 3218 intribuoetu
1120 3160 1280 3218 uiriumesse

268 3242 354 3316 diapa.
793 3307 808 3330 ὁ
851 3265 942 3322 quom
951 3247 1279 3322 edresisteudumiupro·

221 3331 248 3392 l.
266 3333 359 3390 misso
387 3341 494 3396 seuutu
517 3342 717 3408 preusautur:
840 3334 897 3391 ‘bis
914 3335 1062 3414 conlegis.-
1079 3333 1109 3392 P.
1131 3365 1159 3378 ·-
1181 3333 1217 3390 ll:
1238 3335 1277 3388 ui·

265 3417 293 3475 tt
311 3439 346 3478 m.
358 3421 384 3478 3.
396 3417 471 3504 P.7-
489 3419 562 3481 blm.
582 3424 717 3480 1.:misso
786 3471 788 3481 ,
853 3437 920 3480 rum
932 3440 1022 3500 quem
1034 3421 1136 3479 odoet.
1151 3423 1224 3479 md:
1240 3422 1276 3476 ui-

256 3519 331 3562 sum
349 3508 506 3580 prensat2.
528 3528 564 3568 m.
582 3513 621 3566 3.:
639 3527 719 3586 prcu-
851 3508 922 3564 rium
933 3527 1013 3586 quam
1025 3509 1060 3564 ad
1071 3506 1227 3566 resistendum
1237 3507 1276 3562 in·

266 3589 356 3650 sa'rtss.
379 3621 413 3634 -
435 3591 467 3648 ln
484 3591 560 3652 Leid.
578 3615 596 3655 1.
613 3595 721 3668 multisg
849 3594 944 3672 probis
961 3595 1088 3671 conlegis.

266 3691 319 3750 que
342 3673 401 3734 aliis
428 3695 497 3738 racc.
520 3682 650 3740 omissum
677 3692 719 3738 est
790 3682 876 3740 19.ἰί
891 3684 959 3756 qui:
976 3683 1012 3741 ll.
1029 3713 1065 3728 —
1083 3682 1117 3739 P:
1133 3680 1227 3759 hiiqui.
1242 3711 1273 3724 -

129 3809 142 3822 -
265 3762 420 3820 monendo·
790 3822 793 3827 ,
849 3765 913 3824 Pll:
933 3789 1022 3846 quom
1040 3767 1271 3844 rogationemacol·

223 3846 250 3906 9.
263 3866 353 3922 quum
362 3849 517 3910 Maecilius
526 3853 718 3931 Metiliusque
849 3855 916 3931 legis
925 3855 1117 3933 promulgatam
1125 3867 1270 3916 senatuscon-

262 3934 424 4013 largitione
442 3941 570 4014 pessimi
590 3941 720 4017 exempli
850 3951 908 3998 seat
925 3941 1112 4002 dissoluendae
1122 3945 1176 4022 reip.
1187 3961 1234 4000 esse
1244 3945 1270 4000 ei
1343 3957 1346 3967 ·

239 4070 247 4088 ,
266 4023 414 4090 concirent
430 4045 483 4084 eae
501 4036 566 4086 cet:
582 4026 640 4087 Plu.
735 4098 738 4106 1
843 4048 881 4088 *ae
898 4037 949 4092 cet.
