2832 4720
254 322 321 394 ass
671 279 686 352 ·’
721 337 894 400 mrum

252 511 338 570 trum
360 501 557 572 evincebant
579 500 816 593 ferocioresque
829 501 946 570 itemm
957 498 1070 569 coorti.
1098 497 1248 569 Valerius
1277 501 1379 569 enirn

206 645 209 655 Α
252 606 466 700 Horatiusque
488 605 654 676 vociferari
674 617 712 676 nt
735 603 775 674 de
796 629 832 675 re
845 605 974 698 publica
987 605 1098 674 liceret
1113 604 1234 673 dicere:
1260 607 1375 674 dictra-

252 736 306 780 ros
329 713 369 779 ad
391 711 547 804 populum
569 711 596 778 si
617 711 651 778 in
671 722 784 779 senatu
805 733 864 804 per
884 710 1057 778 lectionem
1076 732 1144 778 non
1163 709 1280 778 liceat:
1311 735 1372 779 ne·

154 803 158 819 ’
252 839 316 909 que
338 816 423 886 enim
445 816 504 884 sibi
531 816 671 910 privatos
693 827 748 884 aut
774 815 916 885 incuria
944 825 1000 884 aut
1026 815 1059 880 in
1085 813 1234 882 contione
1260 839 1370 908 posse

221 922 379 992 bobstare
401 945 507 1013 neque
528 943 565 989 se
586 919 774 1012 imaginariis
795 919 936 990 fascibus
963 941 1075 990 eonrm
1102 941 1251 988 cessuros
1278 944 1366 989 esse.

250 1037 321 1096 tum
342 1027 463 1118 Appius
484 1026 550 1094 iam
570 1047 671 1118 prope
694 1048 766 1094 esse
788 1036 874 1095 ratus
896 1035 947 1108 ut,
981 1025 1015 1092 ni
1042 1023 1212 1096 violentiae
1240 1048 1362 1092 eorum

249 1132 317 1223 pari
339 1131 538 1199 resisteretur
559 1129 705 1212 audacia,
727 1129 849 1199 victum
870 1129 1026 1224 inperium
1048 1139 1146 1212 esset,
1181 1153 1277 1214 „non
1300 1129 1360 1196 erit
1409 1115 1410 1186 i

249 1236 389 1304 melius“
414 1234 529 1325 inquit,
561 1233 646 1318 „nisi
668 1235 709 1303 de
738 1258 804 1327 quo
832 1233 1028 1304 consulimus
1049 1257 1166 1302 vocem
1192 1233 1357 1302 misisset

250 1349 283 1407 et
305 1340 345 1406 ad
366 1338 530 1408 Valerium
549 1349 721 1430 negantem
742 1361 778 1408 se
799 1337 922 1432 privato
944 1338 1076 1408 reticere
1098 1339 1245 1408 lictorem
1270 1361 1357 1406 acce
1408 1315 1410 1400 i

204 1459 239 1517 1⁰
251 1444 326 1513 dere
346 1444 447 1513 iussit.
469 1443 534 1512 iam
549 1442 720 1532 Quiritium
741 1439 839 1510 fidem
860 1441 1038 1537 inplorante
1053 1443 1182 1512 Valerio
1206 1467 1225 1512 a
1248 1443 1357 1511 curiae
1409 1517 1410 1540 .

248 1549 357 1619 limine
378 1547 416 1617 L.
445 1547 613 1618 Cornelius
640 1549 818 1641 conplexus
846 1547 986 1641 Appium
1012 1573 1079 1618 non
1105 1549 1158 1618 cui
1183 1547 1357 1618 simulabat

248 1653 445 1723 consulendo
467 1653 592 1722 diremit
613 1664 790 1723 certamen:
823 1654 973 1747 iactaque
1000 1679 1059 1746 per
1081 1653 1269 1722 Cornelium
1290 1651 1354 1720 Va

247 1757 325 1828 lerio
348 1757 473 1828 dicendi
495 1759 593 1852 gratia
614 1783 698 1852 quae
719 1757 832 1845 vellet,
857 1783 933 1827 curn
954 1758 1082 1828 libertas
1103 1783 1170 1826 non
1190 1757 1276 1826 ultra
1300 1781 1355 1825 vo
1408 1701 1410 1790 i

248 1886 320 1930 cem
341 1864 545 1948 excessisset,
573 1864 745 1934 decemviri
764 1865 966 1957 propositum
987 1874 1128 1932 tenuere.
1167 1859 1355 1932 consulares
1409 1897 1410 1948 p

201 1981 378 2058 aequoque
401 1992 439 2036 ac
461 1968 602 2036 seniores
625 1968 665 2034 ab
696 1969 825 2038 residuo
852 1967 1037 2036 tribuniciae
1065 1968 1232 2060 potestatis
1267 1967 1353 2049 odio,

248 2071 337 2138 cuius
360 2071 550 2140 desideriam
570 2073 658 2166 plebi
678 2073 782 2142 multo
805 2072 907 2142 acrius
930 2097 1029 2168 qrram
1056 2071 1231 2141 consularis
1253 2071 1352 2162 impe
1409 2107 1410 2134 r

247 2174 285 2241 rii
306 2174 457 2242 rebantur
479 2199 564 2260 esse,
585 2202 688 2270 prope
710 2179 871 2246 malebant
892 2179 1064 2272 postmodo
1085 2175 1172 2270 ipsos
1196 2176 1352 2245 deceinvi·

246 2303 300 2347 ros
321 2278 487 2376 voluntate
509 2280 595 2350 abire
616 2283 801 2376 magistratu
830 2307 930 2378 quam
958 2283 1074 2352 invidia
1101 2303 1215 2349 eorum
1242 2303 1350 2350 exsur·

264 2439 288 2496 1.
293 2436 525 2516 ferocioresque
536 2439 641 2499 iterum
652 2443 763 2508 coortis,
832 2444 878 2502 11.
895 2463 955 2502 nors
979 2442 1030 2500 cni
1056 2441 1217 2497 simulabat
1244 2459 1349 2498 conau-

307 2521 377 2598 PM]
395 2525 542 2584 serenares
559 2528 657 2586 inrum
675 2532 762 2590 coorti
893 2531 1001 2590 lmdo:
1018 2527 1077 2587 eod.
1090 2526 1178 2587 libers.
1189 2525 1276 2585 -lds
1294 2547 1349 2584 non

306 2610 396 2674 Valet.
415 2623 465 2676 cst.
481 2644 518 2659 -·
535 2614 572 2674 P:
591 2616 708 2680 cohorti.
894 2617 961 2696 quid
987 2619 1037 2675 cui
1062 2613 1206 2672 simulabat
1224 2615 1230 2686 Ι
1251 2633 1348 2672 sonsu-

256 2729 287 2743 -·
304 2701 535 2761 Valerinsem‘m
542 2702 761 2783 Horatiusquer
893 2704 983 2763 lando.
1002 2736 1036 2748 -
1062 2701 1154 2778 Lipn:
1172 2721 1226 2759 nors
1246 2703 1293 2780 qni
1311 2703 1346 2758 si·

305 2786 349 2860 P]
368 2787 492 2846 Valerius
509 2787 698 2872 Horatiusque.
725 2825 760 2836 -
893 2791 1020 2850 mulabat.
1030 2821 1064 2834 -
1076 2787 1208 2849 Pllmlr.
1226 2786 1304 2848 Laid.
1314 2805 1347 2847 ω

305 2875 342 2933 Pa
372 2875 489 2934 ualet-ins
518 2885 568 2934 eni
597 2884 760 2958 oratiusque.
891 2898 947 2934 non
965 2876 1032 2954 quid
1048 2875 1199 2937 simulabat.

245 2982 248 2991 ¹
305 2961 348 3018 lla
375 2964 491 3020 ualerim
515 2965 649 3025 valerius
671 2966 760 3024 bora-
831 2965 872 3024 12
892 2965 1012 3021 ds'remit
1027 2974 1174 3022 certamen
1188 2961 1349 3033 (‚‚ertbeilt

303 3049 393 3122 tiuaq.
409 3050 414 3114 Ι
430 3055 759 3112 contrusemontia'ama·
889 3051 937 3108 ibn
958 3051 1014 3109 und
1037 3050 1128 3108 bricbt
1154 3050 1275 3108 dadumb
1299 3049 1347 3108 dio

298 3135 489 3214 laginensis!
505 3137 635 3214 oratiusq.
659 3139 758 3197 uocile·
890 3137 970 3195 Kralt
985 3138 1179 3211 desselban“):
1198 3137 1228 3198 P.
1243 3167 1278 3182 ·-
1300 3134 1346 3195 Hs

187 3232 189 3242 ¹
302 3221 366 3281 rari.
395 3220 444 3278 sed
468 3222 555 3282 medis
578 3225 660 3284 verba
678 3246 713 3285 rn.
731 3231 758 3287 ³.
834 3261 838 3268 ·
890 3225 1002 3284 dimittit
1027 3225 1137 3285 diremit
1171 3226 1291 3295 oartar'tt]
1304 3221 1346 3280 ia·

304 3319 436 3390 expuncta
455 3320 526 3369 sunt
540 3344 575 3354 —
594 3310 656 3370 Pllr
676 3322 705 3371 ut
723 3313 758 3370 da
890 3323 960 3392 staq.
977 3343 1013 3360 ·-
1030 3313 1071 3373 lla
1093 3333 1155 3374 cnm
1172 3313 1283 3371 libertas
1300 3312 1347 3368 in·

302 3405 359 3480 rep.
378 3433 413 3444 -
431 3397 493 3458 Plllr
512 3402 604 3456 autin
622 3401 757 3462 condona.
889 3399 961 3458 ultro
977 3403 984 3476 Ι
1000 3421 1102 3463 nocem.
1119 3421 1155 3464 m.
1171 3404 1214 3459 ba
1234 3396 1343 3457 inultra.

301 3515 338 3532 ·-
363 3485 403 3545 ll:
432 3489 607 3564 imaginariiis
628 3485 756 3550 fascibus.
827 3487 870 3548 15.
888 3485 1070 3548 ab'reetdno
1092 3489 1266 3545 triburss‘ciae
1288 3506 1344 3562 po·

302 3591 338 3632 sn.
357 3575 396 3632 2:
421 3573 594 3656 imaginariis.
618 3605 652 3618 —-
679 3574 701 3633 P
719 3595 755 3637 m.
885 3577 1098 3634 insidiandis:
1110 3572 1210 3630 ΡΜ-
1223 3571 1297 3630 Harl.
1305 3592 1344 3632 ns

300 3662 340 3718 1.ε
359 3679 494 3720 cessurus.
513 3682 548 3720 m.
560 3663 603 3720 l:
621 3681 753 3723 casuros.
886 3683 918 3720 ac
935 3663 1043 3720 residuo
1060 3659 1203 3716 tribunicio
1217 3666 1341 3731 potesta·

170 3780 173 3787 ν
253 3745 280 3803 7.
298 3763 358 3801 nors
374 3748 431 3802 erit
447 3749 553 3805 melius
575 3750 672 3825 iraquit
694 3751 755 3808 alsi
883 3753 918 3807 tls
936 3745 1009 3806 odio.

299 3831 338 3888 de
361 3851 419 3908 quo
442 3835 624 3892 consulimus
651 3855 753 3894 uocem
824 3839 866 3899 17.
881 3855 974 3914 propa
991 3831 1338 3907 molledantpoatmodos

298 3917 432 3976 misisse.-
449 3917 506 3979 ΡΜ.
524 3920 751 3998 (abnegarent.)
883 3921 941 3981 ΡΜ.
959 3951 992 3963 -
1010 3918 1045 3976 P:
1062 3917 1138 3977 abire
1153 3923 1336 3998 magistratus.

298 4004 331 4065 sl.
350 4007 376 4077 1,
394 4005 452 4066 tt:
470 4011 657 4086 praevertisse.
881 4029 917 4067 nr.
934 4011 972 4067 Ἅι
998 4009 1163 4086 magistratu.
1181 4043 1215 4052 -
1234 4009 1272 4068 ld:
1290 4027 1334 4066 ex·

252 4095 278 4154 9.
297 4114 330 4152 aa
351 4095 469 4170 priuato
494 4099 630 4154 reticere:
651 4095 687 4157 ll.
716 4131 749 4142 -
844 4169 848 4179 Ι
883 4115 986 4173 urgere.
1012 4117 1047 4157 nr.
1065 4099 1105 4159 ‘ln
1124 4117 1275 4174 exsurgere.
1298 4095 1333 4154 Pr

297 4179 333 4238 P:
351 4200 382 4240 sa
397 4184 503 4260 priuato
521 4203 551 4242 re
566 4185 571 4256 Ι
587 4184 687 4244 aficere.
883 4195 1044 4262 exsurgeret.
