2802 4726
246 311 312 382 aas
439 344 444 359 κ
578 272 582 284 ’
650 407 654 419 Ι
726 323 895 417 manv.⁴

247 502 350 558 turres
377 489 453 581 quid
475 489 583 558 vineas
611 487 850 582 testudinesque
878 500 911 558 ct
937 488 1033 557 aliu'm
1061 491 1361 581 oppugnandarum

248 596 373 663 urbium
395 606 582 686 apparatum
604 595 739 684 loquar?
766 618 841 662 cum
863 605 987 662 tantum
1014 593 1130 662 laboris
1153 595 1361 664 exhaustum

241 701 289 794 ‚sit
310 711 343 768 et
364 700 405 768 ad
427 700 524 768 finem
538 699 601 766 iam
617 699 723 791 operis
737 699 868 768 tandem
878 707 1077 791 perventum,
1097 699 1361 792 relinquendane

248 807 328 874 haec
350 805 486 874 censetis
514 815 552 873 ut
580 805 621 872 ad
648 815 801 872 aestatem
829 829 937 872 rursus
959 827 1062 872 novus
1091 795 1137 872 de¹
1153 805 1281 896 integro
1307 807 1362 872 his

187 932 193 966 ¹
212 921 230 978 5
248 911 444 980 instituendis
467 911 639 978 exsudetur
659 907 772 976 labor?
808 921 927 1001 quanto
950 919 1000 977 est
1020 907 1125 976 minus
1148 933 1247 1001 opera
1271 911 1362 979 tueri

248 1017 332 1086 facta
355 1027 388 1084 et
408 1016 525 1083 instare
547 1039 585 1082 ac
598 1034 802 1105 perseverare
817 1013 1008 1104 defungique
1024 1015 1122 1081 cura?
1143 1013 1250 1082 brevis
1264 1017 1362 1083 enim

246 1121 393 1213 profecto
415 1143 467 1187 res
489 1131 538 1187 est
559 1121 585 1186 si
607 1140 673 1188 uno
695 1121 841 1211 temp'ore
870 1119 1030 1210 peragitur
1056 1141 1118 1186 nec
1143 1119 1205 1208 ipsi
1226 1143 1289 1210 per
1313 1122 1364 1187 in·

173 1269 180 1294 .·
247 1225 461 1295 tenuissiones
483 1223 542 1290 has
569 1223 798 1314 intervallaque
825 1225 993 1292 lentiorem
1020 1245 1114 1314 spem
1135 1235 1288 1300 ,nostram
1312 1226 1365 1292 fa-

247 1331 360 1399 cimus.
398 1330 522 1419 loquor
537 1329 578 1396 de
600 1351 698 1420 opere
721 1341 755 1396 et
777 1330 817 1396 de
843 1327 996 1420 temporis
1022 1327 1162 1396 iactura?
1194 1331 1271 1420 quid
1298 1357 1365 1422 pe-

202 1435 338 1503 reticuli
359 1431 448 1526 quod
471 1431 643 1500 differendo
665 1432 754 1500 bello
776 1433 899 1502 adimus
921 1456 1000 1498 num
1022 1432 1167 1500 oblivisci
1182 1457 1241 1502 nos
1262 1435 1366 1504 haec

248 1551 315 1608 tam
337 1539 446 1607 crebra
463 1534 607 1604 Etruriae
629 1537 763 1606 concilia
784 1539 824 1604 de
846 1537 1008 1611 mittendis
1030 1537 1131 1606 Veios
1152 1539 1271 1605 auxiliis
1295 1565 1364 1630 pa-

248 1644 388 1710 tiuntur?
422 1653 566 1710 ut'nunc
585 1657 644 1709 'res
666 1667 702 1711 se
729 1642 844 1725 habet,
871 1642 943 1710 irati
970 1654 1044 1712 sunt
1071 1645 1207 1711 oderunt
1232 1657 1362 1734 negant

248 1747 414 1832 missuros,
443 1759 599 1838 quantum
620 1747 734 1814 inillis
757 1759 808 1815 est
828 1771 943 1838 capere
964 1747 1064 1815 Veios
1085 1748 1169 1816 licet
1208 1748 1279 1838 quis
1291 1742 1293 1748 ’
1307 1761 1362 1816 est

248 1852 303 1943 qui
325 1853 482 1943 spondeat
503 1853 655 1935 eundem,
682 1851 710 1918 si
738 1851 880 1919 differtur
907 1851 1043 1936 bellum,
1071 1853 1213 1919 auianum
1237 1867 1359 1944 postea

200 1963 235 2018 15
248 1956 325 2039 fore,
348 1981 423 2024 cum
445 1957 473 2023 si
493 1956 713 2048 laxamentum
736 1955 875 2043 dederis,
904 1954 1011 2048 maior
1026 1955 1290 2050 frequentiorque
1316 1961 1360 2028 le·

248 2061 332 2152 gotio
354 2061 435 2130 itura
457 2060 507 2146 sit,
529 2086 604 2132 cum
626 2062 659 2130 id
681 2061 771 2154 quod
790 2083 876 2128 nunc
899 2059 1029 2128 offendit
1049 2060 1204 2128 Etruscos
1226 2101 1271 2112 —-
1298 2089 1357 2132 rer

248 2176 375 2232 creatus
401 2167 479 2234 Veis
505 2205 553 2224 ⁹-
578 2166 695 2234 mutari
722 2165 824 2255 spatio
852 2164 1038 2253 interposito
1065 2163 1167 2252 possit
1193 2164 1247 2230 vel
1276 2191 1356 2234 con-

133 2330 139 2346 ,
248 2289 345 2336 sensu
368 2269 500 2336 civitatis
521 2281 558 2338 ut
580 2295 619 2339 eo
641 2269 845 2337 reconcilient
858 2267 1002 2334 Etruriae
1019 2266 1150 2350 animos,
1171 2265 1226 2335 vel
1248 2268 1355 2360 ipsius

128 2428 131 2437 .
248 2372 412 2441 voluntate
435 2374 517 2474 regis
539 2375 595 2468 qui
619 2373 745 2442 obstare
766 2395 901 2462 regnum
923 2393 1017 2440 suum
1039 2369 1132 2442 saluti
1154 2371 1275 2476 civium¹
1302 2403 1355 2446 no

202 2483 237 2541 20
248 2477 305 2544 lit?
326 2479 431 2548 videte
455 2491 535 2571 quot
555 2503 607 2549 res
624 2503 721 2570 quam
737 2471 1053 2568 inutiles'sequantur
1074 2475 1162 2543 illam
1175 2477 1261 2547 viam
1277 2506 1355 2550 con

249 2582 324 2667 silii,
357 2583 477 2654 iactrua
500 2609 635 2677 operum
650 2594 745 2651 tanto
767 2581 879 2650 labore
901 2581 1075 2666 factorum,
1100 2583 1235 2652 vastatio
1262 2584 1357 2656 iami-

250 2710 330 2754 nens
352 2689 462 2756 smium
483 2703 679 2770 nostrorum,
701 2688 873 2754 Etruscum
895 2687 1017 2755 bellum
1039 2712 1097 2779 pro
1120 2689 1256 2758 Valente
1278 2715 1356 2759 con-

251 2792 391 2861 citatum.
430 2795 510 2863 haec
533 2805 607 2863 sunt
628 2792 744 2860 tribuni
766 2793 898 2859 consilia
914 2805 1029 2873 vestra,
1050 2817 1117 2861 non
1138 2794 1269 2862 hercule
1295 2798 1355 2864 dis-

250 2895 363 2962 similia
386 2921 424 2964 ao
446 2897 472 2964 si
495 2899 550 2989 qui
572 2921 677 2988 aegro,
700 2895 756 2986 qui
777 2897 880 2962 curari
901 2920 938 2964 se
960 2897 1083 2965 fortiter
1103 2922 1217 2989 passus
1232 2911 1354 2968 extem-

267 3053 475 3108 §.catastam
497 3071 533 3107 ac
554 3071 765 3128 perseuerare:
897 3055 924 3111 2.
941 3052 977 3110 Μ.
1000 3083 1034 3093 -
1060 3052 1084 3108 P
1105 3071 1141 3112 m.
1164 3057 1203 3113 1.=
1226 3058 1289 3132 quis
1315 3069 1356 3116 est

313 3136 381 3210 ΡΜ]
393 3147 419 3193 ct
434 3139 534 3194 instare
546 3148 574 3194 et
584 3157 766 3217 perseverare.
899 3140 961 3215 quis
979 3138 1198 3216 respondeat-
1213 3143 1248 3200 P:
1266 3147 1291 3200 si
1305 3145 1354 3204 dif-

166 3275 170 3281 .
269 3228 296 3284 7.
314 3226 343 3282 ai
365 3243 420 3282 uno
442 3233 583 3301 tempora
593 3227 766 3305 peragitur:
898 3225 999 3284 leretur
1016 3225 1126 3289 bellum.
1155 3225 1195 3286 lll:
1218 3231 1274 3288 sibi
1298 3233 1341 3289 dil
1347 3235 1352 3306 Ι

187 3367 193 3372 .
315 3312 364 3370 ΡΜ
389 3323 416 3370 et
436 3312 512 3388 rell]
539 3315 564 3371 si
590 3333 644 3372 uno
673 3323 767 3370 tenore
899 3311 991 3372 senar.

314 3405 458 3480 peragitur,
484 3399 509 3427 ’·
838 3400 882 3458 16.
901 3400 1226 3476 quodnuncoffandit:
1244 3403 1351 3468 ΡΜ,
1376 3457 1377 3460 ,

134 3567 135 3572 ¹
254 3489 296 3548 to.
314 3511 384 3547 num
409 3492 557 3548 obliuisci:
580 3489 623 3551 ed.
649 3490 767 3566 lllogunt.
898 3484 933 3546 Μ.
946 3519 981 3530 ··-
998 3487 1021 3544 P
1038 3509 1074 3550 m.
1093 3493 1130 3548 1.=
1149 3490 1222 3570 quod
1239 3513 1299 3550 uou
1319 3494 1351 3552 ol·

186 3597 191 3606 ⁴
315 3607 349 3632 —.-
368 3575 417 3632 ΡΜ
440 3588 467 3633 et
490 3578 548 3634 rell.
574 3579 671 3638 codd<
694 3597 768 3634 nunc

316 3661 450 3721 obliuisci.
477 3663 521 3722 Cf.
538 3665 570 3723 T.
589 3666 651 3723 Livi
670 3667 688 3727 l.
705 3686 768 3724 xxx.

315 3771 342 3827 p.
360 3767 430 3807 nxvr.
449 3769 475 3808 v.
495 3755 537 3809 17.
549 3783 583 3794 -
601 3753 635 3809 P:
655 3753 768 3810 concilia

207 3865 215 3888 ι
266 3907 268 3912 Ι
317 3836 484 3894 dimittendis
502 3840 594 3894 uaeios
607 3841 720 3898 auxiliis.
733 3827 771 3882 -’

316 3923 353 3982 ll:
369 3927 508 4004 patiuntur
525 3934 552 3982 et
566 3929 574 3998 Ι
588 3935 618 3982 ut
635 3949 707 3984 nuno
724 3947 768 3984 rea
809 3927 812 3938 '

314 4033 345 4152 pe
362 4013 450 4072 habet.
462 4043 497 4058 ·-
509 4011 551 4072 Pr.
563 4034 658 4092 capere
676 4017 768 4072 uaeios

255 4183 296 4238 13.
316 4109 386 4257 dicente
396 4195 442 4242 eat
453 4189 508 4262 qui
519 4185 680 4260 spondeat:
698 4185 721 4242 P
731 4185 767 4245 m.

900 3573 994 3635 tandit.
1022 3607 1056 3618 —
1086 3575 1147 3635 Pill:
1173 3598 1221 3634 rex
1247 3593 1351 3639 creatus

900 3659 964 3718 Veis
982 3665 1079 3720 mutari
1091 3669 1179 3743 spatio
1190 3665 1351 3746 interposito

899 3750 995 3826 possit.
1013 3779 1046 3791 -
1068 3751 1088 3807 Ρ
1106 3771 1141 3813 m.
1161 3757 1197 3814 l.:
1216 3754 1301 3814 saluti
1320 3761 1350 3815 ci·

900 3839 974 3892 nium
987 3833 1084 3896 noluit.
1093 3869 1127 3880 ·-
1141 3837 1168 3897 Μ
1180 3861 1214 3900 m.
1228 3846 1261 3903 1:
1275 3865 1351 3923 quan

900 3923 996 3982 iutilcs.
1144 3935 1147 3940 '

837 4012 882 4070 aa.
900 4015 930 4068 a·
953 4011 1020 4089 φὴ·
1037 4009 1080 4085 u]
1103 4014 1128 4070 n
1150 4017 1211 4094 qun
1230 4018 1296 4089 (a).
1322 4051 1352 4064 ..

899 4099 938 4155 tl:
961 4098 1115 4176 longinqum
1133 4111 1161 4158 et
1180 4102 1295 4164 forsitan
1316 4111 1351 4164 in·

899 4185 1020 4243 sonabile
1037 4187 1169 4247 morbum.
1220 4201 1224 4213 “
