2812 4724
514 322 621 383 trouu
638 323 684 384 iil.
1083 311 1149 383 333

28 489 130 558 ditas
154 488 317 570 emineret,
338 485 522 555 consulibus
538 509 667 578 quoque
682 485 902 558 continuarent
921 481 1148 581 magistratum.

31 615 243 660 consensum
264 603 391 682 patrum
414 591 623 660 causabantur
650 615 716 682 quo
743 615 802 682 per
829 595 1053 662 contumeliam
1072 621 1149 665 con-

29 698 157 764 sulum
178 697 245 764 iura
266 695 369 786 plebis
398 695 555 764 labefacta
582 708 698 763 essent.
736 695 812 786 quid
839 697 981 768 iuturrun
1006 703 1149 769 nondum

32 800 181 870 firmetis
202 801 336 891 legibus,
357 800 384 867 si
405 823 508 868 novos
529 800 672 868 tribunos
693 825 752 892 per
773 801 926 870 factiones
940 827 1014 872 suas
1037 828 1150 875 consu-

31 907 92 974 les
123 906 228 974 adorti
256 907 381 992 essent?
416 925 482 972 non
505 906 594 972 enirn
619 927 747 997 semper
768 895 914 976 Valerios
934 907 1185 999 Horatiosqueo

38 1010 203 1078 corrsules
235 1010 308 1076 iore'
339 1011 394 1100 qui
425 1011 561 1093 libertati
592 1009 695 1101 plebis
726 1033 800 1078 suas
835 1033 914 1103 opes
946 1011 1149 1103 postierrent.

35 1115 133 1183 forte
157 1114 296 1205 quadam
317 1112 386 1181 utili
408 1115 449 1181 ad
470 1125 597 1206 tempus
619 1126 656 1183 ut
682 1115 816 1184 comitiis
842 1117 1006 1205 praeesset
1026 1117 1151 1209 potissi·

36 1243 141 1290 mum
163 1218 208 1288 Μ.
225 1217 346 1286 Duillio
368 1230 455 1286 sorte
477 1219 591 1304 evenit,
611 1219 680 1288 viro
701 1220 849 1311 pnrrlenti
869 1231 903 1288 et
923 1244 966 1288 ex
988 1223 1150 1290 continua·

35 1319 135 1392 tione
162 1322 362 1413 magistratus
390 1324 538 1394 invidiam
564 1324 772 1393 inminentem
798 1326 953 1394 cementi:
992 1326 1047 1418 qui
1072 1349 1149 1395 cum

36 1453 88 1498 ex
110 1425 272 1496 veteribus
292 1415 426 1496 tribunis
447 1440 578 1520 negaret
599 1453 635 1497 se
655 1429 752 1496 ullius
779 1428 935 1497 rationem
959 1427 1150 1515 habiturum,
1163 1447 1199 1504 to

38 1542 292 1624 pugnarentque
314 1531 460 1625 collegae
478 1546 516 1602 ut
536 1534 652 1606 liberas
674 1532 775 1600 tribus
797 1533 830 1599 in
844 1535 1027 1624 suffragium
1048 1535 1150 1603 mitte-
1254 1585 1257 1592 -

20 1649 97 1712 ,ret
125 1646 181 1704 aut
208 1636 400 1704 concederet
427 1648 547 1705 sortem
575 1635 778 1705 comitiorum
804 1637 935 1728 collegis
956 1637 1108 1706 habituris
1131 1661 1150 1706 e

35 1743 118 1831 lege
140 1740 247 1830 potius
270 1739 398 1808 canitia
420 1763 519 1831 quarn
540 1765 582 1808 ex
603 1741 768 1808 voluntate
789 1751 926 1831 petrum,
947 1739 1062 1808 iniecto
1077 1763 1151 1810 eou-

37 1833 189 1915 tentione
207 1840 349 1918 Duillius
372 1844 521 1912 consules
543 1843 755 1913 edsubsellia
777 1836 895 1912 eccitos
918 1865 993 1911 cum
1021 1844 1164 1914 interro*

7 1941 9 1944 ⁵
39 1954 154 2042 'gasset
175 1947 250 2040 quid
275 1948 315 2015 de
338 1947 472 2016 comitiis
497 1948 715 2017 consularibus
736 1947 770 2016 in
794 1948 900 2016 animo
928 1947 1083 2018 baberent
1104 1973 1150 2020 re
1164 1967 1199 2024 15

7 2053 8 2058 ’
39 2051 314 2153 spondissentque
333 2077 371 2121 so
393 2073 496 2124 novos
519 2053 667 2122 consules
689 2063 859 2137 creaturos,
882 2063 1028 2122 auctores
1050 2078 1151 2145 popu-

42 2158 122 2229 laris
134 2159 321 2234 sententiae
344 2157 432 2226 leand
450 2158 614 2250 popularis
635 2169 749 2226 nactus
770 2157 803 2224 in
825 2159 1011 2229 contionem
1024 2178 1099 2228 cum
1113 2157 1151 2226 iis

43 2263 223 2358 prooessit*
252 2263 308 2328 nbi
330 2285 405 2332 curn
426 2263 575 2330 consules
602 2263 749 2352 producti
776 2265 816 2331 ad
842 2263 1000 2356 populum
1020 2261 1151 2329 interro·
1204 2313 1206 2324 .

43 2367 185 2458 gatique‚
207 2368 234 2434 si
257 2390 314 2433 eos
335 2365 480 2458 populus'
492 2367 656 2434 Romanus
678 2389 805 2434 mernor
824 2367 977 2435 libertatis
997 2391 1057 2458 per
1077 2367 1150 2435 illos
1236 2375 1239 2384 '
1364 2373 1366 2383 “

42 2481 195 2561 receptae
218 2469 306 2537 domi
327 2493 452 2538 mernor
473 2470 601 2540 militiae
623 2459 795 2563 rerumque
816 2483 979 2562 gestarum
1001 2469 1198 2548 consulcs'uo

68 2689 95 2752 Β.
113 2691 328 2754 causabantur:
345 2689 373 2748 u
390 2709 426 2750 ru.
443 2692 469 2751 Ρ.
487 2690 518 2751 Ρ.
530 2720 564 2734 -
698 2691 752 2752 lius
769 2709 800 2748 se
816 2700 867 2751 rat.
885 2699 936 2751 cet.
957 2722 991 2736 -
1017 2689 1078 2750 Pru
1099 2712 1150 2769 pu·

52 2825 66 2846 ,Ἰ
110 2777 139 2836 Μ
155 2795 191 2838 m.
210 2779 249 2836 1.:
268 2779 453 2840 censebantur.
652 2829 654 2836 .
697 2788 876 2856 guarentque.
900 2807 935 2822 -
958 2777 998 2836 ll:
1015 2777 1151 2837 habituris
1241 2839 1244 2856 Ι

66 2868 94 2926 3,
112 2865 565 2940 iuraplebr‘elobesuctoeeeente
640 2905 643 2912 »
696 2887 730 2924 ee
747 2867 813 2942 lege.

110 2950 160 3010 ΡΜ
177 2950 336 3013 εοΜίΙιειι.
347 2952 421 3014 ttart
431 2973 448 3013 ι.
459 2953 537 3013 Leid.
546 2973 564 3015 ι.
636 2953 679 3012 tt
696 2954 846 3018 Duillius-r:
863 2951 933 3026 ΡΜ]
951 2951 1070 3013 Duilius.

112 3069 146 3081 —·
163 3033 236 3096 Attis
253 3038 418 3104 labefactata.
429 3072 465 3085 -
482 3041 510 3100 Μ
527 3062 564 3101 ιιι.
634 3043 678 3101 tu
693 3049 833 3098 aeuum
841 3041 1011 3115 popularier
1024 3041 1092 3115 Par]
1104 3061 1150 3100 au·

91 3181 95 3190 ,
113 3127 151 3187 ln
171 3126 381 3202 quodiuturum.
399 3127 426 3186 Μ
442 3149 478 3190 ru.
490 3130 563 3188 ΡεΡι
663 3161 667 3184 ι
695 3137 786 3184 olores
802 3126 955 3204 populares.
967 3157 1003 3174 -
1021 3127 1085 3188 ΡΜε
1105 3150 1149 3186 au·

32 3217 36 3228 “
111 3212 186 3288 quid.
454 3230 457 3236 ·
695 3213 1151 3292 etorespopulariasenteutiebrurl

68 3301 95 3358 t.
111 3317 164 3373 per
174 3298 330 3369 factiones
347 3319 436 3360 auos:
453 3299 528 3360 llru.
537 3304 564 3362 3.
696 3300 855 3378 populures.
868 3333 902 3344 -
920 3299 982 3358 Pru
1001 3305 1030 3360 iu
1048 3304 1151 3360 corun·

112 3382 141 3441 P.
160 3415 200 3451 -Ᾰ
212 3383 240 3440 Μ
256 3405 292 3444 m.
312 3390 350 3445 1.=
369 3406 419 3464 per
435 3388 565 3447 iectionis
698 3384 768 3444 uem.

35 3519 39 3528 .
111 3489 183 3532 suas.
223 3513 226 3519 .
442 3476 444 3481 ’
635 3473 679 3534 20.
697 3491 809 3529 memor·
835 3473 961 3530 militiae
992 3493 1152 3551 uruntque
1204 3527 1211 3532 .

69 3564 97 3618 7.
108 3557 196 3632 forte
214 3557 351 3634 quodam«
364 3560 564 3620 utiliodtem·
641 3611 645 3618 .
693 3569 865 3638 gestorum:
885 3559 935 3618 ΡΜ
951 3568 979 3618 et
996 3558 1053 3618 rell.
1071 3559 1151 3621 codd.

110 3664 185 3720 pue:
203 3643 261 3705 ΡΜ.
697 3646 750 3706 leo.
769 3645 851 3706 Gron.
870 3647 953 3704 scribi
969 3645 1055 3704 voluit
1073 3665 1150 3716 „rne-

70 3736 96 3790 8.
113 3731 153 3789 M.
178 3733 309 3789 Duillio:
335 3731 381 3804 Μ]
407 3731 442 3794 ll.
470 3733 564 3793 Duilio
697 3755 757 3790 mor
766 3733 876 3812 militiae
884 3740 1151 3812 rerumgerurum‘te

116 3816 564 3887 (P).-Pt1:r0neeuenir-
645 3879 648 3886 ,
696 3821 750 3878 aed»
764 3824 939 3899 eiusgeneris
956 3815 990 3881 lv
1001 3822 1050 3880 orel
1062 3828 1150 3883 δυοῖν

112 3903 135 3960 P
151 3923 187 3963 m.
212 3905 281 3963 1.tt
302 3926 339 3967 ru.
358 3911 397 3968 t:
422 3927 456 3968 ex
476 3912 564 3966 conti·
697 3909 769 3985 apud
786 3907 893 3968 Livium
910 3911 1067 3986 saepissime
1083 3907 1148 3983 legi»

111 3993 274 4056 annuerem.
343 4053 346 4060 ,
644 4045 647 4052 .
697 4003 759 4056 tur.
779 3995 813 4057 cl.
833 4017 874 4056 ex.
889 4015 931 4070 gr.
948 3998 975 4063 ἢ,
993 3997 1052 4054 ta:
1074 3994 1148 4063 „lar-

56 4067 146 4142 tolet
169 4081 262 4136 ullius
284 4082 428 4142 rationem
450 4085 568 4142 habitu-¹
695 4084 812 4158 sitiones
829 4083 1040 4158 temeritatisque
1051 4083 1147 4142 inrita·

113 4185 191 4226 rum:
213 4163 262 4226 ΡΜ
284 4162 361 4228 Leto.
385 4187 401 4228 ι.
424 4168 496 4243 cet]
523 4171 562 4230 ul·
602 4224 605 4234 ,
694 4179 783 4226 ruente
801 4158 976 4228 borrebaut“.
