2836 4720
214 281 279 350 llll
679 291 786 352 blBEll
803 291 847 354 lll.
931 335 935 347 ,

216 455 434 526 vehementior
461 456 533 538 luit,
571 455 659 521 cuius
690 454 814 534 ordinis,
833 454 984 545 languore
1011 451 1155 544 perpetui
1176 449 1244 520 iarn
1269 453 1329 519 tri

218 559 294 628 buni
314 559 417 650 plebis
439 583 505 627 non
526 569 561 624 ut
582 559 615 626 in
638 583 671 624 re
700 559 826 648 publica
853 559 965 650 populi
985 557 1119 626 Romani
1143 559 1202 624 sed
1226 568 1265 624 ut
1287 557 1331 622 in

219 664 340 756 perdita
363 665 459 732 domo
481 665 587 754 lingua
610 663 854 754 criminibusque
875 673 1055 753 regnarent:
1078 685 1152 730 cum
1169 661 1329 728 Caesone

220 770 286 836 blio
308 792 367 836 suo
389 770 539 836 virtutem
561 766 770 834 constantiam
792 768 897 834 omnia
919 765 1090 834 iuventutis
1118 766 1194 834 belli
1219 767 1328 856 ‹lomi-

187 891 285 964 5que
309 873 424 940 decora
446 871 538 960 pulsa
561 893 603 938 ex
629 869 708 937 urbe
730 871 872 938 Romana
905 883 936 938 et
963 872 1071 961 fugata·
1091 893 1178 938 esse:
1209 869 1328 960 loque
1406 897 1408 950 r

224 1003 277 1046 ees
300 976 467 1044 seditiosos
489 1015 528 1026 -
554 972 674 1042 s'emina
697 975 923 1044 discordiarum
937 1014 981 1026 —
996 976 1110 1044 iterunr
1131 999 1170 1042 ac
1191 977 1345 1062 tertium„

223 1083 365 1150 tribunos
386 1078 530 1171 pessimis
553 1080 670 1148 artibus
692 1079 777 1170 regia
798 1080 924 1147 licentia
946 1081 1064 1148 vivere.
1103 1079 1259 1162 „Aulus“
1281 1080 1327 1144 in-

226 1187 294 1276 quit
313 1185 390 1270 „ille
413 1183 587 1274 Verginius,
610 1186 683 1276 quia
704 1185 737 1252 in
760 1184 917 1275 Capitolio
939 1209 1004 1254 non
1026 1185 1100 1268 luit,
1121 1183 1228 1250 minus
1251 1206 1325 1272 sup

227 1291 312 1381 plicii
344 1313 441 1382 quam
468 1289 590 1379 Appius
617 1289 797 1358 Herdonius
832 1290 966 1357 meruit?
1002 1291 1075 1380 plus
1106 1288 1238 1356 hercule
1266 1289 1326 1354 ali·

132 1435 133 1440 *
182 1413 217 1466 10
230 1406 349 1486 quanto
372 1435 415 1444 —
437 1395 491 1485 qui
512 1417 588 1462 vere
609 1418 677 1461 rem
700 1394 865 1461 aestimare
885 1393 972 1463 velit.
999 1393 1177 1461 Herdonius
1199 1393 1228 1458 si
1249 1392 1325 1458 nihil
1407 1441 1408 1472 .

229 1499 314 1567 aliud
333 1498 461 1566 bostem
482 1521 518 1565 se
536 1497 667 1565 latendo
689 1521 790 1591 prope
813 1498 1007 1566 denuntiavit
1027 1509 1064 1564 ut
1089 1521 1175 1566 anna
1199 1520 1325 1588 capere·

230 1605 283 1670 tis:
319 1601 373 1670 bic
399 1603 543 1693 negando
571 1601 654 1668 bella
683 1626 753 1686 esse
780 1627 867 1674 arma
896 1603 987 1671 vobis
1016 1603 1133 1670 ademit
1157 1601 1326 1690 nudosque
1406 1637 1408 1688 t

230 1706 329 1774 servis
349 1706 463 1774 vestris
485 1717 518 1773 et
539 1705 685 1774 exulibus
707 1705 831 1782 obiecit
854 1718 887 1774 et
907 1730 967 1776 vos
989 1744 1032 1758 -
1055 1706 1092 1773 C.
1111 1705 1227 1772 Claudi
1248 1729 1327 1796 pace
1407 1697 1408 1712 ³

231 1823 264 1878 et
284 1811 378 1878 Publi
399 1810 507 1879 Valeri
527 1811 645 1880 mortui
665 1811 779 1902 loquar
800 1847 845 1860 -
866 1810 953 1902 prius
981 1811 1014 1878 in
1039 1809 1157 1878 clivum
1169 1809 1327 1900 Capitoli·
1406 1831 1408 1908 p

186 1932 309 1988 15num
331 1915 418 2004 signa
440 1913 586 1980 intulistis
609 1937 707 2004 quarn
728 1915 788 1982 bos
804 1914 905 1984 bostis
927 1915 967 1982 de
983 1914 1054 1982 foro
1076 1914 1254 1982 tolleretis?
1274 1937 1328 2005 pu·
1407 1911 1408 1948 ³

234 2019 288 2086 det
309 2015 443 2084 deorum
464 2016 704 2107 hominumque.
742 2043 817 2087 cum
837 2018 946 2086 hostes
968 2019 1002 2086 in
1023 2020 1148 2086 arcein
1170 2019 1328 2111 Capitolio
1405 2023 1408 2160 p

234 2130 350 2203 essent,
370 2119 503 2186 exulum
524 2131 557 2188 et
579 2144 744 2189 servorum
766 2124 831 2190 dux
845 2123 1019 2213 profanatis
1034 2123 1181 2190 omnibus
1202 2125 1235 2190 in
1250 2124 1328 2192 cella
1407 2173 1408 2180 ι

234 2223 317 2292 lovis
337 2223 450 2314 optimi
478 2224 608 2292 maximi
637 2225 809 2309 habitaret,
837 2227 969 2294 Tusculi
995 2237 1067 2292 ante
1090 2251 1187 2317 quam
1208 2228 1329 2294 Romae
1407 2225 1408 2272 l

235 2337 361 2418 sumpta
379 2339 456 2394 sunt
478 2353 579 2396 anna:
600 2329 633 2396 in
656 2330 751 2398 dubio
774 2331 833 2398 luit
854 2343 962 2399 utrum
975 2330 1012 2398 L.
1028 2331 1187 2406 Mamilius
1210 2332 1329 2400 'luscu-
1406 2291 1408 2376 l

185 2431 326 2526 'bolanus
354 2431 420 2498 dux
440 2455 488 2500 an
508 2432 544 2500 P.
568 2432 714 2500 Valerius
742 2446 776 2525 et
804 2435 842 2504 C.
870 2435 1019 2504 Claudius
1048 2419 1196 2504 consules
1219 2438 1330 2506 Roma-

167 2599 170 2612 ,
237 2559 312 2602 nam
338 2559 443 2606 arcem
464 2535 648 2616 liberarent:
686 2549 719 2606 et
741 2540 797 2629 qui
819 2552 890 2610 ante
911 2540 1041 2608 Latinos
1062 2565 1104 2608 ne
1125 2565 1185 2638 pro
1208 2565 1243 2608 se
1267 2542 1330 2632 qui-

239 2639 313 2706 dem
334 2639 410 2730 ipsis
433 2664 506 2708 cum
533 2643 565 2708 in
591 2643 705 2710 smibns
734 2642 862 2714 bostem
887 2646 1040 2714 baberent
1066 2645 1218 2736 attingere
1246 2671 1332 2714 arma

258 2763 283 2819 1.
299 2764 434 2836 perpetui
451 2765 511 2820 iam
524 2770 564 2822 ti.
578 2763 622 2840 pl.
642 2784 701 2821 non
716 2773 753 2822 -ut
839 2771 865 2827 7.
883 2770 979 2826 Aulus
988 2769 1084 2842 inquit
1095 2767 1145 2824 ille
1158 2767 1192 2826 V
1189 2771 1331 2846 ergr‘niur:

300 2850 331 2901 in
350 2854 410 2923 l'P·
425 2851 530 2924 populi
546 2852 677 2909 romani:
695 2849 752 2909 ΡΜ.
858 2882 864 2892 ·
882 2851 925 2924 P]
944 2855 976 2911 A.
994 2855 1083 2930 inquit
1099 2853 1145 2910 ille
1162 2842 1307 2930 Virginius.
1405 2805 1408 2944 l

304 2965 337 2976 -—
355 2932 429 2992 Harl.
446 2953 478 2993 1.:
495 2945 634 3012 perpetuo.
823 2942 867 2997 10.
886 2941 939 3014 qui
954 2960 1025 2996 uere
1042 2959 1103 2997 rem
1116 2944 1274 3000 aestimare
1286 2963 1331 3001 ue·
1407 2945 1408 2968 ¹

884 3022 1008 3082 zuen.
1406 3001 1408 3084 l

825 3113 867 3170 ll.
885 3131 971 3169 arma
989 3113 1072 3170 uobis
1084 3114 1210 3188 adqmit:
1228 3117 1297 3176 Pru.
1308 3119 1334 3178 9.
1407 3111 1408 3174 J

304 3235 401 3291 modo·
431 3231 556 3294 flamm
588 3237 619 3292 in
648 3238 752 3312 perdiu
883 3201 1334 3261 uouiszm.1.-lll:armano.
1407 3269 1408 3276 ἵ

307 3321 387 3379 domo
405 3321 495 3379 modo.
524 3353 558 3363 -
582 3321 630 3380 sic
648 3326 692 3393 ³0,
711 3327 753 3386 12.
884 3285 927 3342 ΜΒ
946 3285 1053 3348 ”danil-

306 3411 339 3466 aa
356 3408 416 3470 aa.
444 3409 523 3470 cara.
544 3409 638 3469 sama.
667 3411 753 3469 aomo
826 3375 868 3434 ¹³·
887 3375 1335 3452 ⁰·010vd2'r000021’ub12‘u12
1406 3389 1408 3414 ¹

886 3461 980 3539 pupli)
991 3463 1111 3522 Valeri:
1124 3462 1191 3536 ΡΜ]
1211 3465 1243 3522 C.
1257 3464 1336 3522 Clau·

886 3547 925 3606 dii
937 3571 1003 3628 pace
1021 3561 1048 3608 et
1059 3551 1088 3609 P.
1098 3549 1205 3607 Valerii.
1220 3582 1254 3591 -
1267 3551 1337 3611 Pru.

889 3641 927 3694 1.:
946 3635 1101 3694 inclinium
1120 3633 1314 3710 capatoliuum.

827 3724 869 3779 15.
888 3723 1000 3780 hostis:
1022 3720 1050 3778 Μ
1073 3741 1108 3778 m.
1127 3721 1152 3778 l.
1170 3719 1209 3792 P]
1234 3721 1336 3783 hostes.

886 3807 952 3862 -P
968 3828 1003 3865 ru.
1023 3813 1062 3864 1.:
1080 3813 1164 3883 puter.
1182 3827 1218 3866 nr.
1231 3809 1271 3890 25:
1288 3832 1334 3889 pu·

887 3892 940 3950 det.
967 3921 1002 3936 -
1031 3891 1070 3950 Ill:
1098 3893 1218 3952 babitare
1239 3898 1335 3954 tusculi

260 3062 285 3118 2.
305 3063 468 3136 imperdita
486 3063 588 3119 domo:
608 3062 641 3122 P.
665 3095 700 3106 ·—
726 3064 754 3124 Μ

303 3145 377 3206 llarl.
396 3167 412 3206 r.
441 3145 518 3206 Leid.
534 3166 566 3207 1.:
597 3151 625 3204 in
648 3151 753 3225 perdite

305 3497 433 3572 scripturn
455 3508 498 3555 est
519 3517 570 3573 pro
593 3497 690 3557 modo.
720 3497 755 3560 cl.

305 3580 336 3638 Τ.
354 3582 416 3639 Livi
437 3585 534 3650 lxxx.
556 3606 583 3660 p.
601 3603 680 3642 uxvrr.
703 3605 756 3645 nu.

308 3697 341 3707 —
371 3667 394 3720 P
417 3687 451 3726 m.
476 3671 513 3727 1.:
544 3673 691 3730 iuuentitis.
721 3705 755 3716 -

307 3749 384 3808 Pm.
412 3754 452 3812 1.:
482 3755 569 3830 fugata
597 3767 642 3814 est
664 3757 755 3836 loqua-

308 3855 352 3892 ces
370 3836 527 3898 seditiosus.
556 3865 592 3903 m.
609 3847 649 3904 Ἅι
668 3845 757 3920 fogata

302 3909 338 3980 b}
354 3922 479 4018 loquaces
495 3927 647 3990 seditiosos.
887 3987 947 4034 ante
983 4009 1020 4024 ,,
1046 3979 1107 4036 ΡΜ.
1137 3994 1242 4060 ,umpta
1269 3994 1337 4040 sunt

194 4107 201 4118 ,
265 4057 290 4111 ⁶.
309 4058 413 4114 iterum
430 4075 467 4113 ac
481 4061 614 4116 tertium.-
633 4060 680 4118 ΡΜ
696 4063 756 4122 cod.
887 4085 968 4124 arura.
987 4097 1020 4108 ·-
1039 4068 1098 4126 Plll:
1118 4068 1149 4130 L.
1168 4069 1308 4128 lllamilius.

309 4139 394 4201 llben.
413 4141 485 4206 llarl.
496 4165 513 4204 ι.
526 4175 559 4193 -ν
577 4143 644 4204 Alii:
661 4152 755 4208 tertio.
825 4155 868 4210 Ἦ.
887 4156 1046 4233 attingere:
1069 4156 1090 4212 P
1108 4179 1143 4216 m.
1161 4161 1187 4217 P.
1205 4157 1239 4214 Μ.
1257 4185 1291 4200 -
1313 4156 1334 4212 P
