2802 4726
544 333 651 392 LIBER
668 331 702 393 V.
803 339 804 348 ’
1109 323 1173 394 515

74 497 151 566 lorio
169 495 274 566 Potito
291 495 403 565 Volsci
425 495 586 588 provincia
610 470 768 565 evenerat.
807 495 870 565 hoc
893 508 977 567 statu
991 499 1173 569 militarium

72 603 178 670 rc'rum
200 593 312 670 sedilio
334 601 480 668 intestina
503 603 623 670 maiore
645 603 731 669 mole
754 613 863 671 coorta
887 627 984 694 quarn
1005 603 1091 677 bella
1111 615 1172 672 tra-

75 707 249 775 ctabantur.
271 717 321 773 et
342 729 417 773 cum
438 706 591 775 tributum
614 706 749 806 conferri
771 729 830 796 per
846 706 990 784 tribunos
1011 730 1077 775 non
1099 733 1170 799 pos-

71 822 201 878 estnec
223 810 415 904 stipendium
437 809 680 903 imperatoribus
702 811 879 880 mitteretur
901 825 1038 903 aeraque
1060 811 1171 880 milita·
1211 883 1219 904 p
1244 907 1247 914 Ι
1321 900 1324 910 ὶ

71 917 115 982 ria
143 915 297 1005 flagitaret
323 913 429 999 miles,
463 915 549 982 haud
576 915 690 1008 procnl
717 929 785 986 erat
814 917 892 1009 quin
914 926 1016 983 castra
1038 932 1204 1008 quoque5

71 1021 210 1088 urbanae
240 1019 402 1090 seditionis
436 1019 623 1112 contagione
654 1020 864 1089 turbarentur.
909 1020 990 1090 iuter
1017 1020 1074 1089 has
1106 1021 1169 1088 iras

59 1101 170 1216 'plebis
192 1125 224 1191 in
246 1136 352 1218 patres
375 1147 451 1192 cnm
472 1125 587 1192 tribuni
614 1123 701 1216 plebi
728 1149 813 1195 nunc
838 1125 918 1194 illud
945 1138 1074 1218 ternpus
1096 1149 1168 1194 esse

67 1228 207 1297 dicerent
228 1227 432 1298 stabiliendae
454 1230 606 1298 libertatis
628 1241 661 1299 et
692 1230 732 1298 ab
755 1229 1104 1324 Sergiis'Verginisque
1126 1231 1168 1300 ad

66 1333 210 1424 plebeios
231 1335 316 1403 viros
337 1335 438 1403 fortes
460 1359 498 1403 ao
527 1341 673 1404 strenuos
694 1334 902 1405 transferendi
928 1337 1046 1406 summi
1067 1337 1167 1405 hono-

65 1439 116 1521 ris,
138 1461 204 1506 non
226 1429 338 1508 tamen
357 1441 438 1508 ultra
461 1431 649 1533 pincessum
670 1451 720 1508 est
734 1464 832 1532 qnam
852 1450 889 1506 ut
909 1462 992 1509 unus
1015 1467 1058 1510 ex
1071 1441 1167 1533 plebe
1180 1452 1215 1508 10
1301 1435 1304 1442 ’

66 1545 236 1634 usurpandi
264 1543 339 1612 iuris
367 1567 462 1612 cansa
491 1545 528 1612 P.
550 1543 687 1612 Licinius
712 1543 830 1611 Calvus
857 1541 1001 1612 tribunus
1029 1545 1166 1613 militnm

65 1647 222 1718 consulari
243 1659 401 1739 potestate
423 1645 592 1716 crearetur.
630 1648 726 1716 ceteri
753 1645 874 1738 patricii
901 1647 998 1714 creati
1018 1649 1055 1716 P.
1077 1647 1165 1716 illan-
1226 1715 1231 1720 .

707 1842 736 1898 in
759 1847 826 1916 optt.
852 1837 932 1898 codd.
949 1835 1072 1897 Liuianis
1090 1839 1164 1897 inve·

123 1956 158 1968 -
169 1923 193 1981 P
205 1945 240 1984 rn.
254 1919 316 1985 ¹ill
330 1947 367 1986 ιιι,
382 1929 419 1986 1.:
434 1917 575 2002 pron‘mcit
706 1927 822 1995 niretnr‚
851 1925 1031 2006 accedendum
1053 1926 1163 1985 rideba-

121 2022 239 2071 nenerat.
265 2013 293 2070 lll
314 2033 350 2074 m.
372 2015 412 2073 2:
434 2014 574 2089 prouincia
708 2022 761 2076 tur.
790 2014 881 2091 itaque
894 2031 955 2072 oum
973 2013 1044 2090 a'puri
1059 2013 1163 2070 Diodo-
1281 2045 1285 2063 ·

121 2110 239 2160 uenerat.
447 2095 449 2102 ’
707 2119 767 2158 rum
786 2103 846 2171 (14,
859 2103 920 2172 47.)
936 2109 1010 2158 recte
1027 2101 1110 2159 scribi
1122 2103 1162 2160 ri-

77 2187 103 2246 3.
121 2195 223 2244 doum
231 2189 371 2246 tributum
382 2189 517 2262 conferri
520 2207 576 2266 per
603 2193 604 2196 ’
707 2187 818 2246 deretur
832 2186 956 2254 Πόπλιος
972 2188 1113 2258 Μάλλιος,
1136 2197 1163 2244 et

119 2275 254 2334 &idunan
272 2279 452 2352 nors'porsit:
470 2273 526 2335 Pil.
539 2307 574 2320 -

119 2361 142 2416 Ρ
167 2361 241 2422 Harl.
267 2383 299 2421 r.:
328 2383 379 2420 neo
409 2361 574 2440 stipendium

118 2437 195 2526 ἰωῇ
214 2451 372 2508 mitteretur.
402 2448 523 2536 Qd.
540 2469 573 2508 n:

118 2555 170 2593 neu
192 2535 356 2613 stipendium
378 2540 491 2614 inrpppp
512 2539 572 2594 mit·

81 1841 106 1899 1.
121 1839 278 1914 prouincia
295 1847 450 1898 euenerat:
467 1839 536 1898 Pm.
548 1841 574 1899 2.

708 2277 737 2333 in
760 2275 788 2333 Μ
809 2274 884 2335 Harl.
901 2297 918 2336 r.
941 2274 1019 2335 Laid.
1037 2294 1055 2336 r.
1079 2274 1112 2334 al.
1131 2281 1161 2352 P·

706 2365 861 2434 manilius,
880 2365 908 2420 in
926 2363 992 2441 Pp.
1011 2363 1163 2420 mamilius
1229 2385 1232 2394 ’

706 2460 786 2518 esset,
804 2461 832 2506 et
849 2453 891 2506 aie
909 2470 991 2527 saepe
1009 2453 1038 2506 in
1049 2450 1161 2506 Manlio·

705 2555 765 2592 rum
782 2537 924 2594 nominea
946 2536 1065 2593 librariis
1089 2555 1159 2593 erra-
1232 2577 1241 2588 .
1347 2586 1350 2594 ,

118 2631 228 2682 teratur.
246 2651 281 2664 -
306 2619 368 2680 Pil:
386 2623 459 2679 haud
476 2622 572 2699 procul

119 2721 177 2768 erat
198 2712 263 2789 quin
285 2719 373 2767 nasim
396 2725 505 2794 quoqne
527 2731 570 2768 nr-

116 2799 201 2858 banae
235 2796 374 2855 seditionis
413 2798 570 2874 contagione

116 2887 298 2945 turbarentur:
330 2884 368 2952 (P
394 2905 430 2942 rn.
453 2887 505 2955 8.).
535 2915 569 2925 -·

114 2974 184 3034 Pur.
198 2978 235 3035 1.:
253 2973 394 3031 seditionis
409 2973 570 3048 cogitatione

118 3063 298 3121 turbarentur.

73 3153 100 3208 7.
116 3151 228 3206 tribuni
244 3151 339 3225 plebi:
364 3147 414 3207 PM
437 3147 511 3207 Harl.
535 3150 568 3220 1.]

116 3236 218 3292 tribuni
236 3235 334 3313 plebis.

72 3325 98 3382 8.
117 3323 155 3378 ab
165 3320 280 3400 Sergiis
294 3323 509 3400 Verginioque:
522 3319 566 3393 ill]
599 3371 605 3378 .

116 3408 149 3464 ab
162 3407 264 3482 Sergiis
273 3406 462 3484 Virginiisque.
475 3437 510 3452 -
529 3407 568 3465 P:

113 3496 302 3572 nergiuiisque.
362 3554 365 3562 ,

54 3583 97 3641 12.
113 3582 153 3641 P:
159 3582 306 3640 Manlius:
318 3579 395 3642 Laid.
406 3583 447 3654 ιι.]
458 3581 488 3640 P.
497 3580 566 3638 lilae-

114 3671 184 3729 nius.
203 3703 236 3712 —
265 3668 334 3727 Cum
352 3670 381 3726 in
399 3669 567 3726 tribunorum

113 3755 193 3814 buius
216 3759 279 3814 anni
296 3757 450 3815 nominibus
467 3777 565 3814 memo·

114 3843 206 3902 randis
225 3847 295 3903 inter
308 3847 453 3922 scriptores
467 3846 566 3906 discre-

56 3967 63 3977 ·
113 3933 204 4008 pantia
228 3933 359 4010 quaedam
381 3933 566 4000 intercederet,

113 4039 165 4076 nec
186 4017 239 4076 boo
259 4039 313 4078 nno
342 4021 402 4079 looo
428 4021 474 4078 alii
499 4018 566 4078 alios

113 4115 236 4164 auctores
259 4110 344 4166 secuti
367 4127 426 4165 esse
443 4107 565 4165 rideren-

113 4205 167 4265 tur,
179 4215 256 4274 quarn
269 4197 390 4275 proxime
405 4195 438 4253 ad
450 4194 480 4252 id
492 4183 565 4273 quod

703 2632 762 2678 turn
780 2632 860 2691 esset,
878 2641 939 2679 cnm
957 2621 1034 2679 Laid.
1049 2641 1075 2681 rr.
1093 2624 1158 2679 sori-

703 2711 807 2786 pairnus
836 2708 872 2768 P.
905 2710 1047 2768 Manlius,
1096 2729 1159 2766 nam
1261 2761 1271 2784 ,

703 2796 777 2873 qnod
806 2797 837 2866 5,
869 2798 912 2856 18.
939 2799 1010 2853 inter
1035 2796 1158 2853 tribunos

702 2883 782 2940 buius
810 2883 897 2962 ipsius
924 2886 988 2941 anni
1015 2883 1050 2943 P.
1077 2884 1157 2941 Mae·

701 2973 782 3028 nium
793 2971 828 3032 P.
841 2973 1105 3050 Maeliumtpositos
1117 2968 1156 3027 v'i·

703 3058 811 3128 demna,
835 3059 863 3116 id
881 3059 1044 3137 Sigoriianae
1067 3060 1155 3116 conie-

666 3216 669 3229 .
702 3157 792 3204 ctnrae
811 3147 931 3219 debetur,
950 3168 1010 3204 cum
1029 3148 1058 3204 in
1076 3145 1155 3203 codd.

701 3253 833 3294 manuscr.
854 3237 1005 3313 reperiatur
1020 3232 1055 3292 P.
1073 3231 1153 3289 Mae-

701 3323 782 3378 nium
800 3322 850 3378 vel
861 3323 1019 3386 Maenium,
1036 3337 1154 3397 proquo

699 3407 735 3467 P.
748 3409 889 3466 Maelium
904 3403 1075 3464 scribendum
1094 3425 1154 3462 een·

616 3535 625 3560 .
700 3515 798 3563 semus,
817 3501 847 3550 ut
863 3495 890 3563 5,
904 3496 946 3554 1n.
965 3503 992 3549 et
1004 3477 1048 3553 181
1060 3493 1153 3550 eadem

698 3584 806 3638 nomina
824 3581 878 3638 sibi
896 3581 1085 3659 respondeant,
1113 3591 1152 3638 at·

699 3689 752 3748 qne
775 3671 812 3725 ita
836 3689 897 3726 cnm
920 3670 1023 3726 litterae
1046 3691 1068 3726 ra
1091 3670 1154 3726 etl

698 3757 999 3836 saepissime'eonlusae
1020 3761 1089 3825 siut,
1113 3755 1151 3812 l·

699 3843 796 3901 cillima
826 3845 1012 3902 emendatione
1045 3846 1151 3920 utrique

697 3931 758 3988 loeo
782 3932 944 3992 consulatur.
973 3931 1067 3988 Altero
1089 3930 1150 3987 loco

698 4018 974 4098 inPllscriptunrest
991 4031 1036 4089 „tr
1047 4039 1076 4094 p.
1094 4018 1150 4073 titi·

697 4107 798 4166 nr'ur“.
812 4105 861 4164 sed
871 4107 1008 4164 cumidem
1015 4108 1057 4164 vir
1069 4107 1094 4172 5,
1108 4108 1150 4161 18.

644 4238 648 4251 .
699 4201 766 4270 optt.
797 4193 928 4252 librorum
956 4193 1011 4251 fida
1039 4193 1150 4286 Zuciua
1258 4225 1268 4249 a

880 4285 923 4352 33
937 4283 958 4349 *,
