2836 4720
542 285 651 348 laiBER
668 287 728 348 u·
1056 383 1069 407 Ἰ
1108 273 1171 342 185

23 459 51 502 -'
77 451 151 521 bem
173 450 287 542 agitare
309 471 369 520 suo
391 471 517 544 veucpo
540 447 658 539 agraria
680 447 765 539 lege,
794 448 826 516 iu'
847 447 1019 518 resistentis
1040 449 1172 526 incitare

76 567 182 647 putres
209 579 270 624 nec
297 555 330 624 iu
356 555 522 624 rnriversos
555 553 654 623 modo
682 553 740 621 sed
771 553 805 620 in
837 553 988 644 singulos.
1034 555 1172 642 Quintus

13 689 15 724 r
76 659 241 728 Considius
264 669 297 728 et
318 659 358 727 Τ.
380 657 542 726 Genucius
565 667 711 727 auctores
738 657 876 748 agrariae
900 657 979 749 legis
1001 657 1041 730 Τ.
1063 659 1172 728 Mene-

74 764 126 832 uio
155 765 239 834 diem
269 763 386 832 dicunt.
424 762 558 830 invidiae
586 773 654 830 erat
673 763 835 832 '‘amissurn
863 760 1031 833 Cremerae
1056 764 1172 854 praesi-

73 867 162 952 dium
183 893 258 938 curu
283 867 371 935 haud
391 865 504 968 proeul
531 867 605 935 iude
633 866 747 934 stativa
774 867 888 934 consul
912 863 1085 936 habuisset.
1135 882 1201 940 eas

73 972 246 1063 oppressit,
274 997 348 1042 curn
370 964 529 1065 ct'patres
557 972 637 1040 haut
661 971 767 1038 minus
795 995 893 1064 quarn
918 995 978 1062 pro
1001 970 1172 1042 Coriolano
1207 1001 1213 1014 ·

72 1076 175 1144 adnisi
196 1089 304 1147 essent
321 1088 354 1145 et
375 1077 471 1168 patris
491 1073 649 1168 Agrippae
677 1076 769 1145 favor
793 1076 948 1144 hautdrun
970 1075 1172 1144 explevisset.

72 1179 105 1248 in
128 1181 228 1248 merita
250 1193 467 1272 temperassent
487 1181 617 1250 tribuni:
640 1203 716 1248 oum
737 1180 848 1272 eapitis
865 1173 1085 1272 anquisissent,
1108 1181 1172 1250 duo

72 1283 159 1352 milia
181 1286 262 1380 aeris
284 1287 433 1358 damnato
454 1287 589 1358 multam
611 1285 788 1354 edixerunt.
822 1309 862 1354 ea
888 1285 922 1354 in
949 1296 1047 1378 caput
1068 1283 1172 1354 vertit.

70 1400 191 1479 negant
204 1389 318 1460 ‘ulisse
338 1390 543 1484 ignominiam
564 1388 865 1481 aegritudinemque,
886 1388 960 1462 inde
982 1389 1098 1460 morbo
1121 1387 1173 1456 ab
1186 1405 1221 1461 10

71 1503 238 1585 sumptum
259 1519 341 1570 esse.
376 1495 455 1568 alius
477 1495 591 1564 deinde
613 1517 686 1565 reus
702 1493 759 1585 Sp.
776 1494 928 1566 Servilius
949 1505 987 1567 ut
1002 1489 1172 1566 consulatu
1292 1505 1296 1518 '

90 1687 116 1744 1.
136 1687 168 1742 ira
189 1687 372 1746 resistentis:
398 1685 441 1759 P]
469 1687 498 1742 in
522 1684 589 1742 resi·

134 1781 247 1834 etentes.
264 1805 298 1818 -·
317 1773 442 1833 Leid.1.:
463 1791 514 1830 nea
530 1771 589 1829 utri·

136 1877 230 1916 uersos
249 1859 330 1917 ruodo
348 1860 397 1917 sed
414 1861 443 1916 iu
460 1857 588 1935 singulos.

89 1948 116 2007 2.
137 1945 264 2022 Quintus
274 1948 475 2028 comisiam
488 1948 522 2012 T.
534 1946 589 2005 Ge·

134 2036 256 2092 nucius.-
274 2033 331 2095 ΡΜ.

90 2123 118 2181 5.
135 2141 173 2180 ea
191 2124 339 2198 oppressit
354 2121 587 2195 (seil.·inasidia):

35 2251 39 2256 -
133 2228 169 2266 ex
193 2210 263 2269 soni.
284 2208 306 2269 l.
329 2209 374 2269 Fr.
399 2209 503 2284 Grau]
527 2203 600 2268 earn'

720 1686 750 1744 in
767 1704 797 1744 re
814 1686 873 1762 ipsa
890 1687 1006 1762 gravitas
1017 1685 1109 1744 inesse
1127 1685 1172 1740 de·

674 1761 677 1766 ¹
720 1771 816 1840 babet,
839 1791 919 1850 mam
936 1792 971 1829 ne
989 1772 1022 1830 ab
1044 1771 1097 1828 boo
1114 1771 1173 1848 qui·

721 1857 783 1916 siem
800 1857 861 1915 loco
880 1858 993 1916 alienam
1016 1877 1075 1916 esse
1094 1877 1173 1915 neruo

721 1945 870 2005 nouvidet.
887 1966 948 2004 earn
960 1947 1100 2023 igiturest
1119 1945 1173 2002 cui·
1251 1933 1252 1942 ἵ

695 2042 699 2048 ”
720 2052 774 2110 que
793 2031 857 2090 ioco
881 2035 950 2090 ratio
971 2031 1102 2091 servanda
1128 2033 1174 2098 sit,

718 2121 828 2212 argrimi
845 2122 874 2178 in
891 2121 935 2178 bis
953 2123 1033 2179 rebus
1045 2119 1174 2177 momenti

721 2209 902 2288 antiquiorum
924 2208 1003 2269 codd.
1030 2209 1174 2267 auctoritas

136 2307 338 2376 oppresserunt.
350 2328 384 2342 -
396 2296 458 2354 Pus:
471 2317 530 2355 eam
539 2319 587 2376 op-

12 2451 13 2460 *
134 2387 244 2462 pressit.
273 2385 314 2442 sic
337 2386 367 2454 b,
385 2383 429 2446 ⁴7.
450 2384 487 2443 P:
505 2405 588 2455 „eam

136 2476 303 2546 erumpunt“
323 2490 375 2548 pra
393 2492 439 2531 eu.
464 2471 539 2532 Harl.
556 2491 587 2532 r.:

135 2577 204 2614 eum
226 2560 388 2632 oppressit:
414 2567 445 2616 ut
466 2557 589 2616 dubitan-

109 2711 112 2733 ι
137 2643 203 2701 sium
225 2645 277 2713 sit,
303 2663 368 2702 num
389 2642 422 2704 L.
450 2647 590 2722 scripserit

135 2733 211 2790 haee
234 2751 301 2788 eum
321 2733 475 2809 oppressit.
504 2732 546 2794 sie
562 2734 589 2801 2,

136 2821 183 2880 41.
212 2819 274 2878 Pii:
297 2827 420 2898 egentes
449 2837 501 2896 pro
531 2817 590 2876 lane

112 2910 116 2918 “
133 2917 250 2988 gentes.
262 2939 297 2949 -
313 2905 336 2963 P
353 2925 389 2968 ur.
403 2910 428 2966 1.
442 2905 590 2966 nanniano.

135 3027 172 3044 «-
189 2994 226 3058 P:
252 2992 442 3066 bautduduna
459 2992 591 3052 exoleuis·

135 3091 187 3142 set.
204 3083 244 3140 tt:
264 3081 335 3138 haud
354 3081 469 3141 dudum.

721 2297 780 2354 erit.
810 2316 903 2354 verum
930 2297 959 2354 in
980 2295 1033 2356 hoe
1054 2316 1109 2353 non
1131 2303 1174 2352 est

720 2383 1006 2462 praetermittendum,
1047 2385 1174 2440 continno
1216 2457 1220 2468 y

719 2469 795 2528 reiut
810 2480 904 2528 tenore
921 2471 949 2527 in
962 2472 1079 2546 antiquit
1096 2469 1191 2528 liban

719 2557 850 2633 scriptum
872 2575 946 2627 esse,
969 2567 1000 2615 ut
1020 2577 1062 2618 ex.
1084 2575 1123 2633 gr.
1140 2575 1175 2614 ex

720 2642 845 2702 Laurisb.
869 2645 920 2712 ⁴12,
944 2645 970 2704 9.
993 2644 1040 2702 ubi
1059 2646 1097 2702 ita
1114 2663 1174 2720 rep-

721 2732 782 2808 peri
798 2731 924 2806 „itaque
940 2731 1005 2788 mul
1018 2732 1023 2802 Ι
1037 2729 1175 2788 tuisedi·

722 2821 823 2885 eere“‚
841 2825 983 2894 utrumque
994 2815 1104 2895 probari
1110 2835 1174 2892 pos·

723 2905 768 2966 sit.
786 2902 821 2964 ef.
832 2901 939 2964 Terent.
950 2903 1019 2965 Eun.
1037 2904 1064 2972 5,
1076 2905 1102 2960 t.
1115 2903 1175 2960 so:
1190 2917 1197 2944 r

724 3011 781 3062 „ne
790 2990 985 3060 bonnoniam,
997 2991 1002 3066 Ι
1013 2991 1084 3058 dico,
1097 2987 1187 3046 edico·

723 3079 811 3149 vobis,
828 3088 950 3138 noenum
962 3097 1022 3138 esse
1033 3075 1109 3138 illurn
1123 3077 1175 3135 eri·

721 3165 775 3226 iem
792 3167 910 3227 fitium‘t

662 3257 706 3333 19.
722 3256 916 3336 ignominiam
946 3251 1175 3336 aegritudinem

725 3363 798 3420 que:
816 3341 873 3403 ΡΜ.

672 3461 705 3482 „-
724 3428 1177 3504 indemorboabaumptumesse:

91 3174 118 3234 8.
137 3171 168 3226 irs
179 3171 274 3228 multa
286 3176 501 3248 temperarunt:
518 3166 549 3228 P.
561 3169 591 3224 ia

136 3255 219 3316 ruulta
237 3265 402 3333 temperupt:
420 3254 455 3314 Μ.
473 3287 507 3299 -—
525 3253 590 3314 Prtz

139 3343 193 3404 duo
212 3343 295 3402 mitra.

93 3435 121 3490 9.
140 3428 591 3492 demrsutomuitamediacerunt:

135 3513 592 3588 Pmmulumdixerunu-Haud

139 3623 201 3660 raro
220 3603 301 3662 etiarn
317 3601 388 3680 apud
404 3601 511 3659 Livium
530 3603 599 3674 edi.

139 3710 205 3749 cere
222 3689 317 3752 eodem
335 3689 392 3746 fere
414 3709 468 3766 quo
494 3689 593 3746 disere

138 3796 220 3833 sensu
232 3777 260 3833 in
272 3787 328 3856 opt.
340 3777 418 3836 libris
429 3779 592 3855 reperimus:

140 3883 190 3919 nec
202 3861 268 3920 iliud
280 3863 315 3922 de
326 3865 524 3940 magistratibus
536 3882 593 3920 ruo·

12 3971 13 3974 ¹
141 3949 592 4030 doimperiumexerceutibusseri·

140 4037 261 4098 bebatur.
297 4037 345 4098 sed
369 4040 394 4096 si
418 4040 534 4098 edicere
555 4040 593 4095 ita
616 4067 625 4073 -

138 4123 305 4200 scribebant,
345 4127 432 4186 maior
462 4126 594 4206 quaedam

723 3514 747 3572 P
765 3514 826 3575 cod.
843 3513 931 3577 Rhea.
954 3515 983 3572 iu
999 3510 1029 3572 Μ
1049 3513 1178 3572 animum

711 3611 767 3658 ·est
783 3623 859 3662 esse.
875 3631 911 3646 ·-
928 3599 971 3660 bit
989 3610 1020 3658 nt
1038 3599 1177 3658 consulate

721 3690 796 3749 abiit.
814 3688 851 3747 P:
869 3699 900 3748 ut
917 3691 974 3748 coa.
993 3689 1067 3751 abiit.
1085 3721 1120 3732 -
1137 3684 1178 3744 bis

725 3798 749 3842 e.
766 3779 872 3836 nauem.
891 3767 927 3824 ·-'·
943 3775 1006 3835 Pol:
1025 3787 1053 3834 et
1068 3782 1088 3856 p
1106 3773 1177 3833 usla-

726 3865 768 3926 rio
787 3870 842 3924 ets.
866 3898 900 3910 -
926 3864 975 3923 Ma
993 3865 1071 3945 initio
1087 3863 1179 3921 statim

726 3954 821 4012 animi.
838 3971 874 4014 nr.
891 3953 933 4013 2:
951 3955 1031 4014 aaut.
1044 3982 1079 3994 -
1090 3950 1126 4008 P:
1144 3951 1178 4006 ab

725 4049 746 4099 t.
765 4039 880 4098 caeditis
899 4049 926 4096 et
943 4048 963 4099 t.
980 4039 1070 4096 statio.
1086 4035 1126 4095 tte
1144 4037 1178 4095 ab

727 4125 827 4188 seditio
850 4135 877 4184 et
899 4127 989 4187 statio.
1018 4125 1135 4202 Dionys.
1152 4129 1180 4195 9,
1263 4186 1267 4207 1
