2756 4720
498 289 686 372 nnana„
775 383 779 392 .
877 326 880 330 .
1062 231 1146 347 'san
1265 343 1267 352 ,
1349 271 1355 294 ·

11 455 233 522 ›ellatorum
255 449 393 544 praemia
416 465 506 536 esse.
525 475 600 528 cum
621 453 663 520 ita
685 452 784 521 lerme
807 454 931 522 eueniat
951 467 988 523 nt
1009 456 1135 548 segnior

11 560 63 626 sit
92 557 272 650 praedator
293 569 329 624 ut
352 557 486 647 quisque
508 557 629 624 laboris
647 543 842 649 perindique
854 559 1058 650 praeeipuam
1079 585 1133 652 pe·

11 687 94 730 ,ere
126 674 257 754 partem
284 661 395 730 soleat.
432 655 569 730 Lidinius
598 673 707 730 eontra
735 672 916 752 suspectam
943 673 976 729 et
999 664 1131 732 invisam

11 790 164 857 semper
187 791 258 835 eam
280 765 447 856 pecuniam
474 766 543 835 lore
571 766 674 834 aiebat
702 758 877 857 causasque
904 765 1069 834 eriminum
1092 769 1131 833 ad

11 873 164 964 plebem
197 869 387 938 seditionum
419 869 493 936 inde
525 894 562 938 ac
590 871 698 962 legum
726 858 881 939 novarum
908 870 1160 960 praebituram5

11 976 130 1042 satius
155 974 250 1064 igitur
272 995 342 1041 esse
363 975 557 1044 reconciliari
579 998 622 1044 eo
643 975 732 1044 dono
744 975 846 1068 plebis
861 974 992 1058 animos,
1014 973 1151 1068 exlium.

11 1071 83 1148 st'is
109 1090 212 1168 atque
235 1077 399 1146 exinanitis
421 1078 538 1147 tributo
559 1091 608 1148 tot
622 1095 781 1148 annornm·
791 1079 940 1162 succurri,
962 1089 995 1146 et
1016 1079 1130 1146 sentire

11 1173 172 1277 praedae
194 1183 333 1250 fructum
360 1201 402 1250 ex
430 1207 469 1250 eo
500 1183 587 1251 bello
614 1184 647 1254 in
665 1177 734 1274 nuo
767 1207 867 1278 prope
894 1182 1130 1250 emisenuerint:
1176 1207 1203 1217 ·¹

11 1288 150 1383 gratius
174 1288 206 1354 id
227 1287 304 1354 iore
318 1287 495 1378 laetiusque
517 1287 606 1380 quod
627 1289 762 1380 quisque
783 1313 840 1356 sua
856 1311 952 1354 manu
975 1311 1016 1356 ex
1036 1283 1130 1355 hoste

13 1405 166 1486 captum
183 1383 314 1459 domum
330 1393 486 1461 rettulerit
507 1418 605 1486 quam
626 1394 652 1458 si
668 1393 833 1484 multiplex
856 1391 983 1460 alterius
1005 1391 1130 1459 arbitrio
1145 1405 1179 1461 1⁰

16 1496 178 1587 accipiat.
217 1496 322 1585 ipsum
345 1495 530 1566 dictatorem
552 1497 661 1588 lugere
683 1496 836 1563 invidiam
860 1520 901 1562 ex
927 1521 967 1564 eo
990 1497 1129 1564 crimina-

15 1625 104 1693 que,
128 1611 170 1667 eo
194 1599 357 1688 delegasse
378 1601 420 1665 ad
435 1591 601 1667 senatum:
626 1611 776 1667 senatum
794 1623 928 1690 quoque
947 1600 1063 1667 debere
1085 1624 1131 1665 re·
1190 1655 1193 1663 .
1217 1585 1222 1596 ¹

16 1707 149 1774 iectam
172 1726 248 1792 rem⁴
263 1703 303 1768 ad
324 1726 360 1770 se
382 1703 564 1793 'permittere
585 1704 672 1794 plebi
694 1729 731 1772 ac
753 1705 819 1796 pati
833 1701 951 1770 habere
966 1703 1054 1792 qaod
1068 1703 1130 1768 oui-

17 1834 93 1904 que
116 1808 185 1876 fors
205 1805 285 1872 lrelli
306 1807 436 1875 dederit.
472 1808 552 1874 haec
574 1809 671 1876 tutior
697 1809 773 1879 vlsa,
792 1805 947 1874 sententia
975 1817 1025 1873 est
1047 1829 1129 1895 qnae
1156 1825 1160 1838 ’

19 1913 222 2008 popularem
244 1921 389 1978 senatum
411 1911 544 1980 laceret:
582 1913 721 1982 edietum
747 1913 855 2002 itaque
886 1921 951 1992 est,
979 1910 1023 1976 ad
1041 1923 1175 2000 prae-15

21 2021 106 2090 dam
122 2016 292 2092 Veientem
314 2017 430 2107 quibus
451 2018 610 2086 videretur
631 2015 839 2092 incastraat
858 2015 1045 2086 dictatorem
1058 2037 1129 2105 pro-

19 2123 254 2193 ficiscerentur.
623 2157 626 2162 v
857 2115 865 2122 ²
1131 2193 1132 2202 χ
1233 2115 1234 2120 ’

117 2225 205 2295 XXI.
250 2227 363 2319 Ingens
385 2227 529 2318 prolecta
551 2215 721 2298 multitudo
749 2229 896 2319 replevit
910 2236 1021 2295 eastra.
1051 2233 1130 2292 *tum

25 2332 165 2400 dictator
191 2331 353 2421 auspicato
382 2356 527 2423 egressus
556 2357 631 2402 enm
660 2334 810 2403 edixisset
836 2343 872 2400 ut
898 2356 985 2398 arma
1014 2329 1129 2396 milites
1176 2324 1183 2340 “

93 2495 165 2550 notis
182 2469 252 2549 nova
272 2496 386 2570 quadam
407 2517 438 2553 ao
455 2499 546 2572 singu·

95 2580 144 2636 lari
162 2582 266 2637 ratione
278 2599 342 2638 usus
354 2582 398 2646 sit,
415 2579 488 2636 haud
500 2582 546 2637 ad-

676 2499 806 2557 Lieinins.
816 2529 850 2538 -
862 2497 886 2553 P
897 2517 933 2554 m.
946 2498 985 2554 l.:
1002 2495 1058 2551 lone
1070 2511 1128 2567 age·

677 2586 732 2642 hat.
750 2603 786 2644 m.
804 2587 842 2645 a:
861 2583 956 2640 aiebat.

96 2666 205 2724 modum
224 2670 278 2723 rari
296 2677 365 2726 sunt.
395 2665 481 2726 etex
507 2687 546 2740 gr.
617 2671 660 2729 l0.
678 2691 768 2746 quum
785 2673 815 2728 ri
830 2669 987 2742 multiplex
1003 2664 1127 2722 alterius

98 2759 129 2822 1,
151 2757 207 2813 17.:
235 2764 400 2830 pervenerat.
430 2755 462 2821 2,
487 2757 546 2814 uz:

72 2850 272 2923 praeceperat.
310 2843 361 2910 30,
380 2845 421 2900 7.:
450 2844 545 2898 castris

97 2931 225 2987 exsensis.
252 2928 286 2988 al.
321 2927 365 2988 Cl.
385 2928 480 2986 Horati
502 2949 544 3006 ep.

97 3015 130 3072 ad
151 3015 204 3076 Pis.
231 3019 274 3079 47.
296 3031 424 3096 seqq.'-
442 3017 481 3076 ll:
506 3018 544 3074 ita

94 3123 183 3176 peram
200 3109 313 3168 eueniat.
334 3135 336 3140 v
512 3113 513 3121 ’

58 3191 82 3248 1.
99 3199 129 3274 nt
145 3195 265 3270 segnior
282 3197 326 3250 sit
336 3194 500 3268 praedator
512 3201 545 3250 ul

95 3275 136 3343 (h.
152 3297 175 3336 e.
191 3282 291 3354 prout)
314 3282 440 3356 quiaque
462 3280 542 3335 lado·

99 3363 142 3418 ris
154 3365 336 3440 periculique
354 3367 544 3440 praecipuam

98 3457 191 3522 petere
205 3459 321 3524 partem
338 3452 450 3509 soleat:
467 3451 498 3510 P.
508 3484 542 3493 —

99 3535 126 3590 ln
142 3533 168 3591 lll
185 3545 212 3591 et
229 3536 290 3594 eod.
308 3536 407 3595 Rhea:
431 3537 542 3615 praeda-

96 3632 136 3677 tor
149 3625 154 3692 Ι
168 3625 280 3700 quisque
297 3621 405 3680 laboris.
432 3623 497 3692 „Da
515 3643 544 3687 es

71 3771 72 3776 Ἰ
101 3709 153 3764 sicli
170 3710 339 3786 gewtthnliclr
356 3709 454 3778 lindet,
480 3709 544 3770 dass

68 3866 69 3870 ἵ
101 3798 125 3869 je
140 3797 337 3873 bereitwilliger
353 3797 412 3854 sicli
437 3797 543 3870 fernand

103 3882 146 3948 der
160 3883 239 3941 nune
263 3885 319 3942 and
336 3883 437 3942 Gelalrr
454 3893 543 3940 anter·

102 3969 179 4036 nieht,
204 3991 296 4029 erum
314 3991 346 4028 so
364 3973 482 4044 weniger
500 3968 547 4026 aul

102 4056 145 4113 das
154 4056 288 4114 Pltnrdem
299 4058 415 4115 bedaoht
427 4061 494 4116 lst“.
511 4088 545 4100 -

103 4141 182 4207 tim.
210 4135 252 4203 1.='
273 4143 413 4206 Laciniae.
445 4165 479 4206 m.
503 4148 544 4205 2:

622 2781 629 2795 ⁸
678 2759 800 2817 arbitrio
823 2757 969 2828 'accipiam
1000 2750 1058 2809 Plll.
1093 2779 1127 2790 -
1181 2749 1211 2772 ‘¹

676 2842 751 2901 llarl.
769 2863 786 2902 r.
804 2832 881 2900 lleid.
898 2847 928 2899 1.':
951 2857 1031 2917 qnam
1048 2834 1127 2893 simul
1209 2890 1217 2909 s
1266 2881 1268 2888 ,

676 2928 775 3006 triplex
793 2940 885 2990 eet-
902 2927 940 2990 P:
960 2926 1069 2996 domum
1087 2943 1139 2993 reg

613 3027 620 3044 ‘
676 3016 776 3077 tulerit.
789 3015 862 3074 -lll
879 3037 915 3073 m.
930 3017 969 3075 l.:
987 3017 1075 3090 ipsum
1087 3009 1127 3066 di·

677 3113 807 3176 ctatorem
825 3104 927 3180 lugeret
937 3101 1075 3160 inuidiam.
1092 3117 1127 3155 m.

675 3193 720 3251 ua-
734 3191 844 3250 inuidia.

615 3279 658 3338 14.
668 3279 744 3351 fors
762 3280 847 3336 belli.-
864 3276 935 3334 Pm.
947 3278 973 3334 2.
984 3273 1011 3330 ll
1022 3270 1096 3328 Harl.
1109 3289 1125 3325 ι.

675 3363 754 3423 Laid:
771 3384 789 3424 r.
808 3363 842 3423 al.
854 3393 888 3405 -
901 3362 924 3417 P
940 3379 976 3419 m.
996 3365 1034 3418 1.=
1051 3357 1126 3414 lions

671 3449 744 3510 betti.

614 3531 1125 3609 18.tum·dic,totorouspicnteegres-
1182 3599 1185 3614 .
1253 3567 1256 3580 .

674 3644 744 3682 sus:
762 3620 797 3681 lll.
822 3653 855 3666 -·
881 3620 917 3679 P:
932 3630 990 3684 tum
1008 3619 1127 3690 dictator

676 3711 846 3790 aususpieato
870 3727 1000 3785 egressus.
1030 3727 1065 3764 ro.
1086 3707 1126 3759 2:

647 3791 650 3799 ’
674 3797 871 3873 hansmpioato.
885 3828 918 3839 -
931 3796 959 3853 <P
976 3815 1011 3853 m.
1033 3797 1067 3851 l.:
1082 3794 1126 3847 in·

675 3884 749 3959 quid:
772 3915 807 3927 -
832 3883 907 3942 Pm.
926 3886 966 3941 t:
984 3881 1018 3936 ad
1037 3876 1126 3934 delen·

677 3969 849 4038 darnarbern
873 3972 950 4026 ueios
972 3961 1047 4024 colis
1062 3961 1151 4040 Μ’

677 4077 729 4115 cor
745 4057 849 4132 tibique
866 4055 931 4112 lrinc
948 4064 998 4114 cet.
1016 4053 1064 4110 sed
1081 4072 1128 4108 co·

679 4147 718 4202 lr's
733 4164 839 4220 precor
856 4151 987 4220 expuncta
1005 4150 1076 4199 sunt.
