2838 4822
118 403 123 412 Ι
233 311 277 378 70
385 299 391 308 ’
704 321 813 384 cmm
831 323 852 384 1.

118 483 121 500 '
232 484 306 575 quia
328 483 421 552 unius
444 497 529 566 esset
552 483 714 578 deponere
735 507 810 554 eum
830 485 864 552 in
884 484 990 556 aniano
1020 481 1168 552 babuisse
1198 483 1334 574 quidam

168 667 173 678 Ι
232 599 379 658 auctores
400 601 483 674 sunt,
504 590 536 658 ni
558 591 663 661 scelus
684 589 869 659 intestinum
895 589 1078 658 hberandae'
1104 587 1226 681 patriae
1253 611 1332 658 con-

231 691 300 763 silia
322 693 450 784 agiunti
469 693 699 764 intervenisset

319 797 433 867 XLIX.
476 799 554 868 Inde
582 798 620 870 L.
649 797 841 894 Tarquinius
868 821 999 917 regpare
1027 795 1168 888 occepit,
1198 794 1250 864 oui
1270 796 1333 864 Sn-

202 901 333 994 tperbo
355 926 534 993 cognomen
555 903 638 972 iacta
660 903 854 986 indiderunt,¹
881 902 955 994 quia
982 923 1131 972 socerum
1159 924 1257 992 gener
1282 921 1333 968 se·

233 1004 360 1098 pultura
382 1007 543 1099 prohibuit
563 1007 737 1078 Romulrun
766 1029 896 1100 quoque
918 1005 1111 1096 insepultum
1138 1005 1260 1096 perisse
1286 1005 1332 1072 di-

231 1111 353 1196 etitans,
373 1111 595 1204 primoresque
616 1124 752 1234 patrum,
775 1134 858 1204 qnos
880 1109 972 1178 Servi
998 1111 1094 1179 rebus
1120 1110 1237 1182 avirra
1265 1134 1330 1180 cre-

232 1214 336 1301 debet,
363 1216 531 1286 interiecit.
561 1216 707 1286 conscius
737 1217 849 1286 deinde
878 1215 963 1284 male
985 1215 1158 1306 quaerendi
1178 1216 1268 1306 regni
1290 1216 1332 1284 ab

230 1341 267 1386 se
286 1320 357 1411 ipso
381 1321 531 1390 adversus
552 1345 588 1390 sc
611 1321 796 1413 exemplum
818 1321 889 1413 capi
916 1343 1028 1412 posse,
1057 1320 1184 1388 annalis
1192 1343 1331 1423 corpus

185 1422 478 1517 1oc1rcumsaeps1t
501 1427 714 1519 nequeenim
742 1423 819 1498 ad
810 1449 859 1493 rus
887 1424 974 1516 regni
1003 1423 1177 1515 quicquam
1205 1435 1332 1515 praeter

230 1527 296 1596 vim
316 1528 464 1616 babebat,
492 1537 529 1600 nt
552 1530 607 1621 qui
627 1555 734 1622 neque
762 1529 909 1622 populi
899 1551 988 1598 rursu
1014 1552 1135 1649 neque·
1149 1527 1332 1596 auctoribus

229 1633 371 1724 patnbus
392 1645 547 1727 regnaret
571 1659 611 1704 eo
634 1633 808 1704 accedebat
834 1635 901 1708 ut
891 1657 925 1704 ιιι
952 1633 1080 1702 caritate
1108 1633 1225 1702 riuum
1251 1631 1330 1700 nibil

150 1804 153 1816 ,
184 1738 298 1828 spei
320 1741 487 1830 reponenti
510 1751 600 1808 metu
620 1763 756 1830 regnum
776 1741 945 1808 tutandum
967 1749 1061 1808 esset.
1085 1761 1183 1857 quem
1203 1747 1241 1804 ut
1260 1737 1331 1828 plu·
1409 1741 1410 1748 ’

228 1839 345 1910 ribus
335 1855 499 1928 incuteret,
527 1844 725 1934 cognitiones
752 1843 935 1935 capitalitun
960 1867 1068 1912 rerum
1094 1841 1164 1910 siue
1192 1841 1331 1910 consiliis

108 1974 128 2042 κ·
169 1926 217 2016 15
228 1969 287 2036 per
313 1968 350 2012 se
377 1949 476 2015 solus
494 1948 679 2031 exercebat,
705 1971 828 2039 perque
856 1972 930 2016 eam
957 1971 1088 2016 causam
1115 1946 1330 2030 oeciderc‚in

114 2103 120 2130 ,
230 2048 361 2117 exilium
383 2073 487 2142 agere,
507 2050 600 2118 bonis
625 2051 762 2122 multare
790 2063 917 2144 poterat
940 2075 1007 2119 non
1034 2062 1202 2142 suspectos
1229 2051 1330 2120 modo

231 2153 316 2220 aut'
339 2153 435 2238 risos,
456 2155 514 2226 sed
535 2155 620 2223 unde
642 2155 720 2224 nihil
735 2155 820 2226 aliud
836 2181 934 2248 quam
949 2156 1100 2247 praedam
1112 2179 1242 2247 sperare
1255 2179 1330 2246 pos-
1384 2179 1392 2194 ¹

230 2268 290 2329 set.
311 2282 481 2350 praecipue
502 2258 546 2328 ita
560 2267 694 2351 'patrrun
715 2283 849 2330 nurnero
871 2261 1026 2332 inminuto
1049 2261 1158 2330 statuit
1178 2260 1331 2330 nullosin

228 2371 335 2452 patres
363 2363 484 2455 legere,
513 2387 579 2454 quo
607 2365 821 2457 contemptior
852 2366 1011 2458 paucitate
1037 2367 1107 2457 ipsa
1135 2365 1215 2434 ordo
1242 2375 1331 2432 esset

183 2467 399 2559 taurinusque
425 2493 484 2560 per
509 2490 544 2536 se
571 2467 650 2538 nihil
677 2470 728 2560 agi
745 2469 998 2560 indignarentur.
1025 2469 1078 2538 hic
1106 2469 1193 2537 enirn
1216 2489 1330 2560 regum

230 2569 350 2662 primus
378 2573 528 2644 traditum
554 2599 574 2642 a
601 2573 758 2665 prioribus
784 2599 910 2644 morem
938 2577 977 2677 de
1005 2575 1153 2643 omnibus
1181 2585 1329 2642 senatum

230 2677 415 2746 consulendi
436 2678 541 2763 solvit,
563 2679 745 2766 domesticis
768 2680 909 2748 consiliis
926 2669 997 2748 rem
1018 2679 1179 2799 publicam
1201 2678 1328 2748 adrnini-

196 2790 354 2853 ·ιιιινιι·
293 2760 497 2874 ““bellrmr
518 2807 633 2907 pacem
653 2784 784 2852 foedare
815 2785 984 2853 societates
1011 2807 1069 2876 per
1096 2807 1133 2852 sc
1158 2784 1228 2875 ipse
1250 2805 1328 2852 cum

230 2884 344 2972 quibus
371 2889 508 2958 voluit
498 2889 618 2955 iniussu
644 2887 756 2978 populi
790 2913 828 2958 ac
859 2901 987 2956 senatus
1020 2887 1096 2955 lecit
1128 2887 1327 3007 diremitque.

181 2985 414 3057 ithamarum
441 2990 501 3058 sibi
530 2989 677 3060 maxime
696 3005 824 3082 gentem
844 2991 1054 3098 conciliabat,
1088 3003 1124 3060 ut
1156 2991 1327 3086 peregrinis

247 3126 274 3184 8.
293 3127 427 3202 agr'tonti.
445 3157 479 3176 -ι-
496 3126 560 3185 Pol:
578 3129 703 3204 agitandi.
878 3147 967 3209 quom
975 3141 1096 3209 praeter
1113 3133 1172 3190 eim
1183 3131 1326 3190 laedebat.-

248 3211 274 3270 t.
294 3213 419 3286 occepit.-
436 3210 459 3269 Ρ
475 3213 505 3272 in
522 3213 650 3288 margat
668 3235 741 3274 acce·
874 3218 904 3277 Ρ.

290 3298 346 3374 pit:
363 3297 393 3357 P.
814 3307 856 3366 1⁶.
874 3309 1018 3365 nrultarc:
1035 3305 1064 3365 ll
1080 3325 1117 3367 ιιι.
1135 3311 1159 3367 1.
1170 3307 1202 3369 P.
1214 3306 1325 3366 mulcta·
1366 3335 1376 3340 -

247 3383 274 3449 5,
289 3385 726 3466 generrepaltura:ttgenera1
873 3413 916 3450 re:
933 3393 961 3454 ll
978 3415 1013 3454 m.
1032 3397 1057 3454 2.
1131 3437 1135 3444 -
1384 3385 1391 3396 ⁸

198 3482 207 3502 ι
289 3469 439 3544 sepultura:
456 3472 491 3532 ll.
520 3474 522 3481 ‘
812 3481 854 3538 ts.
870 3483 1082 3560 prawipueita
1095 3490 1324 3556 petrumnume·

157 3601 160 3606 .
246 3557 273 3615 7.
288 3559 494 3636 primoresque
499 3561 740 3638 potrumrlleod.
854 3599 857 3604 ·
874 3587 908 3625 ro
922 3571 1078 3628 air-minutor
1091 3568 1140 3626 Ph
1152 3566 1212 3625 cod.
1224 3566 1324 3640 libem]

291 3641 398 3715 libem]
416 3647 547 3721 primores
564 3661 680 3727 patrum.
871 3656 907 3710 ita
925 3667 1032 3733 patrum
1050 3655 1195 3733 praecipue
1211 3672 1324 3712 numero
1353 3657 1359 3668 '

229 3760 263 3772 -
291 3728 396 3788 Serui:
412 3729 440 3790 ll
457 3751 492 3793 ιιι.
512 3737 555 3806 1.]
574 3737 672 3798 Servii.
870 3743 1020 3800 imminuto.
1282 3790 1286 3800 .

229 3819 271 3879 10.
288 3818 523 3894 circumsaepse-
540 3821 608 3898 ΡΜ]
626 3827 739 3884 circum·
809 3829 852 3887 21.
862 3833 983 3905 primus
1000 3828 1151 3884 tradr'tum.
1170 3857 1204 3868 -·-
1219 3827 1322 3904 primus
1354 3837 1360 3843 “

287 3906 406 3987 sepsit'
870 3926 899 3972 ut
916 3915 1045 3972 truditur:
1069 3913 1118 3971 Pll
1135 3912 1209 3973 Harl.
1227 3935 1244 3972 ι.
1270 3914 1322 3984 (ul.

226 4010 262 4036 *-
287 4011 383 4070 neque
409 3992 486 4050 enim
511 3995 555 4051 od
581 3998 629 4056 ius
653 4003 741 4076 regni
869 4001 931 4058 Livi
948 4002 967 4062 l.
985 4000 1082 4061 XLlll.
1101 4004 1125 4074 ᾗ.
1142 4001 1204 4065 lll.)

223 4124 227 4131 s*
276 4081 443 4156 quiequam
462 4092 582 4157 praeter·
602 4089 663 4144 uina
685 4087 736 4142 da·
808 4091 851 4148 ιδ.
862 4089 1012 4161 foedera.-
1033 4089 1061 4146 ll
1085 4109 1119 4148 nr.
1143 4093 1170 4149 ⁵2.
1194 4091 1222 4149 Ρ.
1240 4087 1320 4144 -lll

269 4165 641 4246 stetaattnequrentmt
658 4175 735 4251 quic·
869 4195 904 4234 ιιι.
926 4179 963 4237 1.:
982 4176 1091 4236 foedare
1108 4180 1158 4238 rel
1173 4176 1302 4236 foedaret.
1356 4161 1368 4174 i
