2860 4736
473 407 481 424 ,
574 349 683 412 nunu
701 351 723 412 r.
1101 427 1105 438 ,
1146 337 1190 405 79

97 536 208 606 gurare
230 515 302 583 iana
323 515 504 608 sacellaque
526 513 653 601 statuitq
670 535 754 606 quae
776 515 898 607 aliquot
922 516 965 582 ibi
994 540 1011 583 a
1033 513 1074 584 Τ.
1094 513 1188 582 Tatio

97 643 171 711 rege
193 621 331 711 primum
353 620 476 712 inipso
499 620 678 708 discrimine
699 620 849 688 adversus
871 621 1043 689 Romulum
1064 640 1188 713 pugnae

96 736 180 809 vota,
203 737 387 794 consecrata
409 726 656 820 inaugurataque
677 735 790 816 postea
811 725 947 792 fucrant.
975 725 1057 792 inter
1078 724 1188 816 princi

97 829 149 919 pia
177 831 333 897 condendi
360 831 454 897 huius
482 830 586 921 operis
614 829 755 897 movisse
782 852 901 896 numen
931 829 971 896 ad
992 829 1188 896 indicandam

5 971 8 978 ·
94 933 173 1000 tanti
200 933 323 1025 imperii
339 935 468 1002 molem
493 934 626 1012 traditur
653 935 745 1016 deae,
773 957 848 1000 narn
871 955 945 1001 eum
974 935 1115 1000 omnium
1143 943 1217 998 sat

94 1037 251 1105 cellarum
273 1038 534 1130 exaugurationes
557 1038 758 1106 admitterent
779 1061 869 1121 evm,
896 1037 929 1104 in
951 1029 1092 1105 'P‘ennini
1114 1037 1188 1121 iano

17 1175 31 1194 ··
93 1165 168 1226 non.
181 1143 340 1211 addixere.
367 1144 464 1234 idque
491 1165 589 1211 omen
617 1142 845 1234 auguriumque
872 1143 915 1210 ita
943 1153 1111 1234 acceptum
1131 1147 1190 1224 est,

92 1269 160 1312 non
181 1257 302 1314 motam
324 1248 465 1315 Termini
487 1249 596 1315 sedem
616 1271 781 1340 unumque
799 1269 873 1316 eum
889 1248 1022 1315 deorum
1036 1269 1101 1324 non
1117 1267 1189 1312 evo·

93 1361 201 1417 catum
223 1353 351 1420 sacratis
373 1353 433 1420 sibi
460 1352 575 1424 finibus
596 1353 686 1420 firma
707 1353 894 1444 stabiliaque
922 1363 1036 1420 cuncta
1065 1361 1199 1442 porten-
1323 1341 1329 1354 '

95 1455 181 1524 dere.
204 1453 267 1525 hdc
289 1456 507 1549 perpetuitatis
529 1457 671 1549 auspicio
694 1468 827 1550 accepto
850 1467 996 1524 secutum
1018 1455 1101 1529 aliud
1124 1479 1188 1521 ma·
1201 1467 1235 1522 to

92 1557 289 1648 gnitudinem
310 1562 432 1654 imperii
454 1563 647 1653 portendens
668 1561 846 1653 prodigium
869 1571 927 1630 est.
956 1570 1052 1652 eaput
1080 1561 1187 1626 huma·

93 1683 173 1726 num
199 1662 319 1752 integra
349 1667 431 1732 facie
459 1665 670 1754 aperientibus
698 1661 1045 1753 brndamenta'templi
1079 1665 1190 1730 dicitur

95 1765 294 1856 apparuisse:
308 1791 399 1857 quae
420 1768 488 1834 visa
510 1766 633 1858 speeies
654 1766 732 1834 haut
752 1791 811 1858 per
831 1767 979 1856 ambages
1000 1789 1104 1832 arcem
1120 1791 1191 1833 eam

56 1878 59 1888 ’
94 1868 218 1958 imperii
241 1882 399 1961 caputque
422 1893 527 1938 rerum
549 1869 618 1936 iore
633 1869 862 1960 portendebatr'
879 1871 975 1962 idque
989 1869 1033 1936 ita
1047 1871 1189 1938 cecinere

92 1983 184 2040 vates
213 1973 333 2065 quiique
359 1976 392 2040 in
418 1976 498 2041 urbe
527 1983 617 2041 erant
643 1996 790 2064 quosque
820 1975 860 2042 ad
883 1999 955 2042 eam
975 1997 1044 2040 rem
1066 1974 1236 2041 consul-15

92 2079 223 2144 tendam
245 2103 286 2145 ex
308 2079 432 2146 Etruria
456 2081 642 2146 acciverant
666 2079 839 2166 augebatur
865 2081 905 2146 ad
932 2078 1079 2169 inpensas
1107 2077 1189 2167 regis

94 2182 227 2251 errimus.
254 2183 362 2274 itaque
384 2183 568 2250 Pometinae
596 2182 780 2268 manubiae,
808 2207 891 2275 quae
918 2181 1121 2282 perducendo
1149 2182 1188 2247 ad

93 2282 222 2354 culnren
244 2288 333 2379 operi
356 2287 529 2355 destinatae
553 2299 651 2371 erant
677 2287 732 2355 vix
752 2287 785 2353 in
812 2289 1017 2356 fundamenta
1045 2287 1190 2378 suppedi-

93 2401 212 2458 tavere.
235 2416 275 2459 eo
297 2393 398 2482 magis
419 2390 519 2457 Fabio
541 2431 586 2442 —-
608 2403 831 2484 praeterquam
854 2395 941 2484 quod
964 2391 1120 2483 antiquior
1141 2402 1190 2458 cst

93 2533 139 2544 «-
161 2496 345 2562 crediderim
359 2494 572 2585 lquadraginta
594 2519 631 2563 ea
654 2497 723 2564 sola
744 2498 863 2564 talenta
886 2497 991 2581 luisse,
1023 2521 1120 2586 quam
1141 2495 1188 2563 Pi-
1201 2507 1236 2562 90

94 2598 166 2665 soni
194 2599 480 2691 qui'quadraginte
509 2599 595 2664 milia
621 2601 730 2690 pondo
760 2602 879 2692 argenti
901 2602 1041 2697 seposita
1062 2601 1096 2667 in
1117 2625 1189 2667 eam

22 2789 25 2796 ι
95 2726 165 2782 rem
185 2703 293 2770 scribit
313 2742 358 2753 -
379 2723 539 2771 summam
561 2703 714 2792 pecuniae
736 2728 842 2794 neque
864 2707 913 2772 'ex
933 2706 1027 2770 unius
1049 2716 1120 2770 tum
1141 2729 1190 2771 ur-

114 2894 140 2951 1.
159 2913 236 2970 quoe
253 2894 372 2970 aliquot
387 2895 440 2950 ibi:
463 2891 520 2951 ΡΜ
679 2896 728 2951 15.¹
741 2895 771 2949 in
795 2893 881 2949 urbe:
904 2891 926 2950 P
949 2912 985 2952 ro.
1003 2895 1029 2953 2.
1047 2891 1083 2954 ll.
1101 2894 1129 2950 in
1147 2912 1190 2950 nr·

79 2991 84 2996 “
107 3011 141 3020 -
160 3000 179 3033 a
196 2981 227 3038 Τ.
243 2982 344 3038 Tatio:
357 2979 424 3040 Pm.
439 2982 480 3052 i.]
494 3001 508 3036 a
520 2979 609 3040 Tatio.
741 2980 815 3037 bem:
833 2978 856 3036 P
873 2999 909 3040 m.
932 2981 955 3038 l.

113 3068 139 3124 3.
157 3065 608 3126 consecrata:Paurasecretorlll.
680 3069 722 3126 17.
740 3067 926 3125 Pometinae:
944 3065 1100 3128 Sabellicus.
1112 3067 1188 3125 -P2
1252 3063 1260 3082 ⁸

114 3154 139 3209 5.
158 3155 327 3224 nomicum
350 3157 493 3211 omnium:
520 3153 547 3209 Μ
574 3175 609 3214 m.
636 3167 638 3174 ⁴
740 3155 902 3230 promptine.
919 3153 959 3211 lli:
981 3159 1128 3234 ponrptine.
1155 3160 1190 3234 (p

159 3241 184 3298 Μ
202 3259 263 3294 nom
281 3243 421 3298 orientia
440 3261 492 3300 raa.
516 3271 552 3286 -
574 3241 608 3299 P:
740 3251 767 3296 et
784 3261 799 3296 e
818 3241 942 3299 facillime
966 3243 1093 3299 conlundi
1116 3252 1191 3320 pote-

156 3345 217 3382 narn
236 3345 296 3382 eum
314 3347 347 3384 ex
364 3331 490 3386 omnium.
741 3333 827 3396 rant.)
846 3329 879 3389 ei.
899 3332 924 3397 1,
941 3333 985 3387 53.

113 3414 139 3470 6.
162 3413 304 3468 Termini.-
323 3413 356 3471 ci.
374 3416 400 3482 5,
418 3416 469 3470 54:
488 3415 609 3483 „Juven-
681 3415 724 3473 18.
741 3415 983 3489 suppeditauere:
1007 3414 1030 3469 P
1052 3431 1089 3472 m.
1112 3417 1138 3472 ⁶2.
1155 3413 1190 3472 Μ.

159 3507 200 3554 tas
212 3495 407 3578 Terminusque
419 3545 427 3559 .
440 3546 446 3559 .
458 3505 562 3558 moveri
579 3523 610 3560 se
741 3531 775 3541 -
786 3499 851 3558 Pru.
863 3505 903 3558 1.:
919 3503 1125 3577 suppetitauere.
1142 3501 1190 3556 sed

158 3605 214 3640 non
242 3587 347 3664 passi“.
385 3585 434 3658 eqd
468 3586 520 3642 hoc
549 3588 608 3646 loco
741 3582 1108 3662 8‚13.t²l1=:aahpe'datat.
1201 3570 1204 3594 ¹

161 3674 316 3730 Terminus
333 3674 426 3750 potior
441 3673 591 3734 videbatur.
683 3673 727 3731 to.
746 3675 784 3729 acl
800 3693 836 3730 ea
854 3674 936 3731 sola:
954 3669 1012 3734 ΡΜ.
1035 3674 1068 3734 el.
1092 3677 1117 3744 1,
1141 3677 1190 3732 53:

114 3761 141 3815 7.
159 3759 266 3836 idque:
283 3756 333 3815 ΡΜ
349 3757 423 3818 lieri.
438 3761 476 3832 r.]
495 3759 532 3819 id.
545 3768 548 3784 ¹
741 3759 913 3836 quadraginta
931 3761 1038 3821 talenta.

7 3857 9 3866 ‘
114 3845 140 3902 8.
160 3865 307 3924 unumque
318 3867 384 3904 eum
397 3847 535 3904 deorum:
552 3847 608 3907 ΡΜ.
679 3848 723 3905 at.
741 3849 779 3904 :ul
794 3849 891 3904 milio:
909 3847 979 3922 ΡΜ]
997 3849 1089 3926 quadr.
1100 3848 1191 3906 millia.

114 3934 139 3989 9.
158 3935 285 3989 sacraris
304 3933 548 4010 siba'flnidusrlll.
566 3955 608 3994 sa·
680 3935 723 3994 22.
742 3955 900 3991 sunrmom:
929 3936 949 3994 l.
975 3933 1020 3994 Fr.
1046 3936 1129 3992 Gran.
1156 3967 1190 3976 -

159 4020 240 4075 eratis
257 4015 295 4076 ibi
312 4019 425 4077 linibus:
443 4019 473 4078 P.
497 4028 498 4037 ¹
740 4019 762 4076 P
786 4021 859 4081 Harl.
874 4041 890 4082 r.
910 4022 969 4081 cod.
991 4021 1093 4080 libem:
1119 4025 1191 4098 qraio

98 4107 139 4165 11.
155 4098 355 4179 portendens.-
377 4107 405 4164 Μ
422 4127 457 4167 m.
476 4111 502 4169 2.
524 4108 554 4169 P.
572 4139 609 4154 ι·-
739 4115 864 4168 summai.
882 4139 917 4154 -
942 4111 1031 4184 (quio
1050 4107 1126 4164 facile
1144 4108 1189 4164 ad·
1221 4153 1223 4158 .

122 4181 133 4194 ⁸*
158 4189 238 4250 idm.
257 4195 295 4252 l.:
312 4193 484 4270 protendens.
697 4214 701 4220 ·
739 4197 822 4254 scribi
846 4205 952 4273 poterat
975 4217 989 4252 a
1013 4194 1123 4252 librario
1141 4197 1212 4276 uri-q

150 4328 179 4385 N
