2838 4822
161 299 285 374 ,xla

233 465 406 566 guoque
429 464 615 542 verbosum
636 463 795 564 ipsorum
814 462 959 540 delectu
982 486 1099 542 norom
1121 463 1317 544 redonibus

176 611 205 646 v
232 588 496 688 aptissimorum
525 583 736 688 singularem
765 585 942 685 quandam
972 585 1077 690 huius
1106 587 1186 664 libri
1218 613 1319 690 prae-

26 705 55 768 '·
197 707 203 731 ’
233 709 649 810 stantiam-virtutemque
671 707 954 808 perspici-nemo
977 707 1099 784 harum
1116 733 1233 789 mum
1258 733 1319 811 pe·

231 831 327 907 stus.
344 830 536 933 negaverit.
581 825 686 930 Quae
711 855 791 904 oum
813 829 863 904 ito
893 829 981 920 sint,
1009 855 1082 906 non
1111 841 1231 934 potest
1255 832 1319 904 mi-

219 937 308 1028 ¹nutu
330 951 461 1042 videri,
490 949 588 1052 quod
612 951 764 1052 quaein
786 951 950 1028 omnibus
974 947 1073 1028 liluis¹
1097 951 1240 1054 scuiptis
1264 953 1318 1026 in-

229 1074 343 1152 veniri
367 1073 514 1164 soleant,
539 1072 643 1148 etiam
656 1071 703 1148 ‘in
726 1071 796 1148 hoo
820 1071 910 1150 libau
936 1071 1244 1174 deprehendantur
1268 1073 1318 1150 vi-

228 1196 294 1270 tia:
339 1195 439 1272 ouius
470 1195 609 1297 genesis
641 1203 725 1270 sunt
754 1193 1062 1296 quodverbouum
1089 1193 1317 1270 similitudine

229 1315 507 1417 deceptus-cnm
530 1315 625 1392 oculi
648 1317 693 1391 ab
717 1316 833 1418 aliqua
856 1343 945 1394 voce
964 1318 1232 1418 insequentem
1257 1322 1318 1390 ant

230 1437 378 1514 eandem
402 1433 462 1516 a'ut
486 1439 634 1515 similem
659 1440 878 1530 aberrarent,
910 1437 1072 1516 librarius
1098 1463 1140 1514 ea
1164 1437 1317 1538 quaein

165 1595 169 1603 ¹
227 1560 345 1636 medio
368 1561 447 1668 loco
471 1561 619 1655 fuerant,
644 1560 821 1638 interdum
844 1559 1075 1662 praeterierit,
1100 1557 1197 1660 quod
1212 1557 1317 1634 simili

227 1682 381 1782 quodam
405 1708 526 1759 errore
548 1693 668 1784 pestes
693 1681 866 1784 quandam
890 1680 1107 1784 singolorum
1127 1680 1316 1757 verbosum

226 1805 378 1878 omissae
409 1802 497 1894 sint,
527 1802 625 1904 quod
653 1804 854 1878 nominibus
884 1827 977 1904 quae
1006 1801 1134 1878 litteris
1159 1825 1185 1873 a
1211 1809 1317 1876 aute

224 1922 451 2015 finiebantur,
482 1924 560 1999 sine
589 1925 682 2000 iusta
713 1923 863 2024 quadam
890 1947 995 1999 causa
1022 1922 1175 1998 litteram
1198 1947 1233 1994 m
1257 1921 1316 1996 ad-

226 2045 408 2148 scriptam,
436 2055 501 2121 eut
521 2044 649 2120 ubiea
672 2043 837 2148 ponenda
868 2055 958 2135 erat,
988 2041 1135 2118 eandem
1150 2042 1315 2118 litteram

108 2205 112 2212 ·
225 2161 422 2268 neglectam
445 2166 642 2258 videamus,
673 2166 771 2267 quod
793 2191 901 2243 voces
925 2164 1124 2268 complures
1148 2164 1186 2239 in
1209 2191 1315 2238 unam

225 2295 428 2363 contractae
451 2287 525 2364 sint
549 2313 641 2388 quae
663 2286 924 2362 contrahendae
939 2313 1012 2362 non
1032 2287 1176 2362 fuciunt
1190 2289 1266 2385 (ex.
1283 2313 1312 2360 e.

224 2411 311 2510 quin
336 2410 491 2511 proqui
512 2410 570 2482 iu:
594 2409 668 2506 al),
693 2409 780 2510 qniu
804 2411 908 2484 etiam
935 2409 1030 2510 quod
1046 2409 1219 2483 iustorum
1236 2432 1315 2483 vor·

223 2530 351 2607 borum
374 2531 454 2607 loco
480 2557 521 2606 ea
546 2556 637 2632 quae
662 2531 781 2632 specie
805 2529 949 2631 quuidem
978 2530 1103 2606 similia
1125 2530 1185 2626 eis
1212 2542 1315 2613 erent

225 2653 299 2728 sed·
321 2676 412 2727 cum*
428 2649 587 2728 locorum
601 2647 809 2727 'rationibus
845 2652 961 2731 minus
990 2662 1206 2753 congruunt,
1240 2677 1314 2727 non

223 2798 415 2877 numquam
439 2775 574 2876 scripta
594 2774 824 2876 reperiantur.
865 2773 1053 2846 sedetiam
1072 2797 1163 2871 quae
1187 2773 1236 2846 ita
1260 2799 1315 2848 er-

222 2905 298 2970 rata
319 2907 419 2988 sunt,
455 2895 640 2997 permultis
662 2894 757 2968 locis·
781 2891 899 2967 minus
929 2891 1144 2970 difficultatis¹
1168 2895 1313 2995 praebe-

155 3105 164 3120 ,
222 3017 328 3108 bunt,
353 3017 385 3092 si
407 3017 446 3090 id
470 3016 568 3116 quod
590 3039 675 3092 vere
700 3015 737 3090 in
767 3007 913 3114 antiquo
941 3013 1032 3088 libro
1062 3014 1313 3115 scriptumest

224 3135 502 3238 cognoverimus.
537 3133 590 3211 sie'
612 3133 797 3210 ‘dicebatan
819 3139 860 3226 5,·
878 3139 935 3210 34.
959 3137 997 3210 in
1021 3135 1118 3224 Med.
1143 3138 1312 3238 seriptum

183 3349 187 3354 ι
223 3283 306 3334 esse
330 3240 522 3347 „inalium
552 3257 675 3332 orbem
705 3257 840 3348 irent“,
870 3283 950 3332 eum
974 3257 1012 3330 in
1041 3257 1186 3359 ueliquis
1215 3271 1312 3336 esset

108 3457 109 3470 ,
221 3380 287 3469 „in
311 3379 418 3454 elium·
440 3379 562 3452 orbem
585 3388 756 3453 temanum
772 3381 1002 3457 transirent‘e
1027 3407 1148 3460 verum
1165 3408 1238 3458 non
1262 3384 1312 3458 ita

222 3499 289 3589 sed
312 3501 350 3575 in
374 3500 504 3592 „alium
523 3478 645 3575 orbem
663 3501 800 3575 sirent“
822 3498 873 3576 ibi
894 3501 1064 3604 scriptum
1079 3507 1311 3604 repperimus.

221 3621 393 3696 sanissimi
420 3631 539 3697 tamen
559 3613 790 3700 'invenientur
814 3613 883 3696 loci
910 3625 972 3698 uti
1003 3625 1154 3701 maiores
1183 3626 1312 3698 oratio

221 3743 278 3817 nis
302 3753 424 3844 partes
441 3740 699 3835 desiderentur,
724 3743 838 3844 qualis
862 3755 921 3821 est
937 3748 972 3836 3,
987 3747 1055 3834 itt,
1080 3745 1142 3844 qui
1159 3743 1311 3834 Parisini

223 3864 354 3942 codicis
385 3864 586 3966 integritate
609 3864 788 3941 emendari
817 3866 944 3968 potuit.
984 3865 1054 3942 Hic
1083 3865 1173 3942 liber
1195 3867 1308 3946 Medi-

190 3992 194 4004 ‘
221 4011 307 4062 oeus
332 3986 375 4060 ab
401 3995 569 4087 quattuor
592 3983 760 4088 deinceps
783 3985 934 4064 librariis
953 3987 1223 4090 perindeatque
1240 3989 1309 4064 Pu·

221 4115 347 4184 teanus
378 4107 585 4188 emendatus
622 4118 693 4198 est,
729 4132 821 4208 quae
851 4101 1113 4187 emendationes
1130 4127 1308 4213 ‘magnam
