2836 4720
248 353 314 424 222

714 309 822 424 ldbsslt
838 359 883 422 lll
984 301 989 318 ·

252 553 330 599 num
354 527 591 620 Gabinumque,
614 549 654 596 ex
676 526 799 596 Gabino
822 525 855 592 in
876 523 1075 595 Tusculanos
1096 521 1215 592 flexere
1237 523 1354 592 eolles.

250 635 320 703 urbi
348 657 477 726 qnoque
505 633 627 700 Romae
659 631 770 723 ingens

802 630 963 728 praebitus
994 642 1095 699 terror
1125 629 1224 721 magis
1252 629 1285 696 in
1316 653 1354 698 re

248 738 352 807 subita
381 762 479 830 quam
508 737 596 829 quod
623 733 663 802 ad
693 736 862 804 arcendam
887 735 953 804 nim
978 757 1091 827 parum
1116 732 1231 801 sirium
1253 747 1353 802 esset.

248 843 385 930 Quintus
406 840 522 912 Fabius
544 850 689 933 praeerat
714 840 794 911 urbi.
830 841 858 912 is
881 853 999 909 anneta
1026 840 1189 906 iuventute
1218 837 1352 930 disposi

216 946 351 1038 litisque
372 947 534 1040 praesidiis
555 953 623 1015 tuta
646 946 751 1016 omnia
774 971 812 1020 ac
839 945 1006 1044 tranquilla
1035 943 1119 1013 fecit
1155 943 1265 1035 itaque
1291 941 1351 1012 bo·

149 1123 152 1140 ,
247 1065 312 1122 stes
335 1054 453 1145 praeda
476 1077 517 1120 ex
537 1048 689 1144 proximis
710 1049 790 1118 locis
811 1061 900 1144 rapta
923 1048 1176 1141 adpropinquare
1194 1047 1267 1115 urbi
1279 1071 1349 1116 non

246 1159 324 1224 ausi·
343 1182 416 1224 cum
444 1157 635 1225 eiremnacto
666 1155 790 1246 agmine
821 1155 972 1238 redirent,
1005 1163 1125 1246 quanto
1152 1151 1277 1244 longius
1305 1152 1348 1220 ab

118 1272 120 1282 ’
245 1260 325 1328 urbe
353 1259 496 1329 bostium
523 1259 731 1328 abscederent
758 1283 797 1327 eo
824 1259 976 1328 solutiore
1005 1274 1080 1326 cura
1107 1255 1140 1322 in
1161 1250 1347 1324 Lucretium

245 1365 389 1432 incidunt
418 1365 583 1433 consulem
614 1362 679 1430 iam
706 1375 778 1432 ante
812 1363 982 1456 exploratis
1013 1359 1176 1429 itineribus
1203 1360 1268 1428 suis
1301 1362 1348 1429 in-

199 1480 402 1542 instructum
424 1479 458 1538 et
473 1465 525 1536 'ad
558 1479 718 1538 certamen
747 1468 912 1536 intentum.
949 1466 1041 1560 igitur
1067 1464 1260 1558 praeparatis
1282 1467 1348 1534 anl-

244 1573 305 1641 mis
326 1573 493 1666 repentino
522 1597 641 1665 pavore
668 1571 833 1665 perculsos
861 1563 963 1640 adorti
995 1569 1155 1662 aliquanto
1176 1570 1347 1662 pauciores

243 1677 478 1748 multitudinem
498 1678 659 1769 ingentem
680 1677 817 1746 fundunt
838 1676 1026 1768 fugantque,
1054 1686 1088 1744 et
1105 1675 1289 1767 ¹conpulsos
1311 1676 1345 1745 in

244 1804 338 1850 cavas
358 1783 459 1852 valles
482 1805 556 1852 cum
578 1782 681 1852 exitus
702 1782 789 1850 haud
809 1782 843 1848 in
859 1779 942 1848 facili
961 1791 1068 1848 essent
1084 1780 1345 1848 circumveniunt.

192 1927 198 1956 r
242 1885 286 1954 ibi
303 1887 461 1956 Volscum
473 1911 593 1956 nornen
614 1911 716 1978 prope
731 1868 879 1954 ‘deletum
900 1895 958 1952 est.
990 1885 1143 1953 tredecim
1155 1877 1253 1952 millia
1268 1909 1344 1976 qua-

119 2041 125 2060 .
197 2005 231 2062 15
245 1990 426 2082 dringentos
448 1991 647 2084 septuaginta
675 1991 825 2059 cecidisse
846 1989 879 2056 in
906 1988 973 2057 acie
1002 2013 1040 2056 ae
1067 1989 1155 2081 luga,
1189 1987 1276 2057 mille
1305 2013 1344 2058 ac

243 2105 374 2160 centum
395 2094 621 2187 quinquaginta
641 2094 734 2162 vivos
755 2105 876 2185 captos,
901 2093 988 2184 signa
1010 2093 1118 2185 viginti
1139 2105 1263 2185 septem
1287 2095 1343 2161 mi·

241 2196 341 2265 litaria
362 2197 462 2266 relata
482 2199 516 2264 in
538 2198 729 2288 quibusdam
750 2197 914 2266 annalibus
935 2197 1080 2266 invenio:
1109 2198 1165 2266 ubi
1187 2210 1220 2266 et
1241 2198 1268 2267 si
1290 2201 1343 2266 ad-

240 2301 359 2396 iectum
382 2299 500 2392 aliquid
520 2326 654 2371 numero
677 2303 731 2386 sit,
754 2307 868 2394 magna
891 2313 975 2370 certe
998 2305 1112 2372 caedes
1133 2303 1202 2372 suit.
1239 2304 1343 2372 uictor

211 2467 214 2476 .
242 2405 355 2474 consul
376 2406 494 2499 ingenti
515 2407 632 2500 praeda
654 2409 773 2500 potitus
796 2409 912 2476 eodem
939 2407 972 2478 in
1000 2407 1112 2508 stativa
1133 2407 1234 2476 rediit
1271 2419 1342 2476 tum

193 2525 230 2582 ιο
242 2509 390 2580 consules
406 2511 514 2580 'eastra
537 2512 732 2604 coniungunt
754 2523 787 2581 et
807 2512 919 2582 Volsci
939 2502 1106 2604 Aequique
1133 2513 1276 2582 adflictas
1297 2513 1341 2583 vi·

260 2734 285 2790 l.
303 2751 343 2790 ea:
360 2731 491 2789 Gabino:
507 2729 543 2792 lll.
565 2763 599 2774 ·-
622 2730 644 2789 P
661 2751 697 2793 m.
716 2735 761 2792 1.2·

303 2819 470 2894 exgabinoe.
492 2821 577 2880 ωλι
597 2821 754 2897 exgebinie.

258 2906 284 2962 2.
304 2909 401 2982 magis
429 2909 460 2974 in
487 2927 521 2963 re
542 2909 641 2964 subita
666 2928 755 2984 quam

305 2993 389 3066 quod
405 2992 449 3046 ari
459 2993 619 3048 arcendam
632 2996 691 3049 uim
701 3015 755 3078 pu·

302 3096 368 3131 rum
386 3078 494 3132 uirium
517 3088 609 3152 assei:
633 3079 691 3138 ΡΜ.
718 3113 752 3123 —-

300 3161 361 3218 Plll:
380 3164 488 3238 quintus
505 3162 602 3224 sebius.

232 3303 237 3310 ,
254 3253 282 3310 i.
299 3252 328 3308 ia
346 3259 465 3306 armata
481 3252 643 3308 iuuentute:
663 3250 699 3311 M.
717 3283 751 3295 ·-

299 3337 321 3397 P
339 3341 426 3397 m.1.:
445 3337 524 3394 urbia
535 3346 643 3398 armate.
661 3357 696 3398 m.
709 3339 750 3397 Ἅι

298 3426 360 3484 urbi
376 3435 485 3485 armata.

254 3517 281 3572 9.
299 3515 464 3588 exploratis
492 3514 644 3571 itineribus
671 3514 750 3571 suis.-

299 3599 355 3658 Plll.
379 3631 413 3642 -
440 3599 463 3658 P
486 3619 520 3659 m:
545 3602 584 3658 1.:
610 3602 750 3658 intentum.

300 3705 328 3762 q.
355 3687 444 3760 igitur.
481 3707 517 3746 m.
539 3688 578 3745 Ἅι
609 3688 748 3746 intentum.

297 3773 387 3846 igitur.
454 3811 463 3820 -

237 3859 280 3916 13.
297 3877 363 3913 cum
386 3859 484 3915 exitus
507 3858 592 3915 baud
614 3860 645 3915 in
656 3859 768 3930 sacili-

296 3953 411 4002 essent:
429 3943 451 4000 P
469 3945 529 4004 eod.
546 3943 632 4005 liban.
655 3977 685 3988 -
704 3946 744 4003 lll:

296 4033 326 4088 iu
343 4030 419 4089 facili
435 4034 510 4088 ient:
536 4033 586 4090 sed
604 4035 616 4089 i
634 4035 654 4088 ἱ
668 4053 702 4090 m.
720 4035 746 4091 3.

280 4121 325 4176 =in
346 4139 400 4180 ras.
418 4149 451 4162 -
478 4117 552 4178 Harl.
569 4139 587 4180 ι.
611 4121 639 4176 in
667 4117 746 4176 froila

296 4216 395 4265 esseut
422 4205 455 4265 cl.
473 4207 500 4276 ³,
518 4207 574 4264 bb:
597 4206 745 4264 moderatio

335 4363 344 4399 l

880 2733 995 2791 tuendae
1006 2733 1137 2790 libertatis
1150 2777 1157 2793 .
1170 2777 1177 2793 .
1191 2735 1221 2791 in
1233 2731 1340 2791 difficili

885 2831 928 2878 est
945 2819 1033 2890 (Harl.
1046 2840 1078 2880 1.:
1099 2823 1128 2878 in
1146 2817 1258 2878 difficile
1269 2825 1338 2891 ert).
1400 2853 1401 2860 ι

886 2939 921 2950 --
939 2905 1021 2964 Liber
1038 2907 1146 2983 Sigania
1172 2928 1232 2965 eum
1249 2911 1338 2965 exitus

886 2993 957 3052 baud
974 2995 1038 3052 inde
1055 2994 1145 3053 faciles
1164 3003 1260 3056 esseni.

767 3117 773 3138 l
825 3106 867 3164 14.
893 3105 1033 3162 tredecim
1061 3107 1164 3165 millia.
1199 3139 1233 3149 -
1269 3104 1335 3163 PM:

883 3178 935 3250 xm
945 3210 1122 3251 aecem—-
1140 3191 1337 3254 Harl.r.:x1ur

883 3279 974 3340 millia.

822 3386 864 3444 15.
883 3385 963 3441 mille
990 3402 1026 3438 aa
1050 3392 1164 3441 centum
1191 3386 1335 3464 quingua-

880 3469 1334 3550 gintoeP]milloducentosquiu·

879 3561 1014 3635 quaginta.
1027 3589 1061 3600 -
1079 3556 1117 3612 P:
1137 3571 1171 3613 ω
1185 3575 1224 3620 rc,
1242 3573 1282 3611 cu.
1296 3587 1333 3598 -

881 3645 922 3707 tl:
933 3651 970 3710 ’ω’
981 3666 1027 3701 aco
1035 3662 1060 3701 u.
1073 3671 1105 3684 -
1114 3639 1154 3697 M:
1167 3642 1240 3714 signa
1248 3659 1333 3702 xxvu.

820 3757 862 3815 17.
881 3757 931 3812 ubi
956 3755 1013 3811 etei
1036 3750 1183 3808 adiectum
1212 3750 1335 3826 aliquid

880 3857 999 3898 raumara
1013 3840 1069 3894 rit:
1086 3834 1143 3896 ΡΜ.
1152 3868 1185 3878 -
1198 3835 1231 3894 P:
1241 3837 1330 3898 aedes.

878 3927 906 3982 Μ
917 3945 952 3983 ιιι.
964 3928 1003 3983 l.=
1016 3922 1104 3984 cades.
1127 3943 1163 3984 m.
1175 3927 1215 3984 3.:
1233 3924 1329 3983 eudes.

818 4032 860 4090 1¹9.
878 4028 996 4088 eodem:
1014 4027 1062 4086 Pu
1078 4027 1152 4089 Harl.
1168 4049 1186 4088 ι.
1203 4027 1278 4087 Leid.
1288 4029 1327 4100 ι]

879 4115 979 4173 eadem.
990 4147 1024 4157 -
1035 4116 1151 4172 Eodem
1168 4117 1255 4174 rediit
1268 4112 1327 4171 scil.
1372 4195 1376 4210 x

877 4223 936 4287 quo
954 4203 986 4259 in
1003 4203 1139 4261 Hernicis
1156 4203 1283 4260 sederat.
