2756 4720
512 291 621 352 nnus
636 289 684 388 iv.
1081 284 1147 354 ue

6 481 96 549 per
137 457 265 549 direpta
294 456 489 549 coloniqque,
516 477 599 525 nova
632 454 736 522 minus
770 453 999 546 praedicatione
1031 459 1147 528 tribuni

5 562 189 652 praedae
210 563 313 630 fuerit.
352 562 440 633 auxit
461 584 532 628 eom
558 560 652 643 irem,
680 568 852 650 postquam
881 561 921 628 eb
949 562 1077 655 collegis
1100 591 1146 632 er-

5 666 184 734 cessitus
206 679 338 759 propter
359 665 528 735 seditiones
549 665 730 733 tribunicias
751 663 783 733 in
805 663 918 754 urbem
932 670 1070 753 revertit,
1092 695 1145 738 au-

5 770 104 838 dita
129 793 203 840 vox
225 773 293 840 eins
314 772 347 838 in
369 769 516 840 contione
537 769 652 838 stolida
665 793 712 838 ec
733 793 834 861 prope
854 788 967 840 vecors
989 795 1052 863 qua
1066 775 1146 866 Sero

5 876 80 945 tio
107 875 245 944 tribuno
267 876 370 968 plebis
388 875 496 967 legem
518 874 670 966 agrariam
691 873 813 957 ferenti,
828 874 929 942 simul
945 875 1046 944 Voles
1068 898 1175 970 quo-5

10 1005 104 1072 que
130 990 174 1048 ut
196 980 395 1049 mitterentur
415 978 522 1048 coloni
534 979 674 1046 laturum
689 977 731 1047 se=
747 979 862 1047 dicenti
876 981 1045 1074 -gdignos
1060 983 1145 1050 enim

14 1107 114 1152 esse
140 1085 200 1175 qui
222 1085 316 1152 aruris
337 1085 497 1176 cepissent
518 1107 631 1152 eorum
651 1083 766 1153 urbem
787 1105 961 1177 agrumque
984 1086 1146 1156 Volanum

15 1212 112 1258 esse
138 1226 187 1238 -
208 1190 353 1274 „malum
377 1189 506 1281 quidem
526 1187 678 1258 militibus
698 1189 803 1257 meis“
824 1190 932 1281 inquit
953 1191 1037 1275 „nisi
1058 1193 1145 1284 quie·

15 1293 182 1364 verint“.
219 1296 307 1386 quod
335 1295 478 1363 auditum
505 1317 571 1362 non
598 1294 781 1366 contionem
806 1296 908 1387 magis
941 1319 1040 1388 quam
1066 1311 1145 1366 mox

18 1409 149 1490 patres
178 1399 319 1470 offendit.
356 1409 389 1468 et
416 1399 560 1470 tribunus
587 1399 689 1490 plebis
711 1399 760 1466 vir
781 1424 854 1467 acer
876 1425 936 1470 nec
956 1401 1144 1470 brlecundus
1158 1419 1193 1478 10
1224 1470 1227 1480 ,
1285 1417 1291 1426 “

24 1516 158 1573 nectus
181 1500 265 1573 inter
286 1504 482 1572 adversarios
503 1503 678 1595 superbum
704 1502 866 1593 ingenium
887 1506 1144 1599 inmodicamque

24 1609 199 1699 linguam,
226 1632 324 1698 quam
346 1608 501 1676 inritando
530 1606 741 1697 agitandoque
764 1605 797 1672 in
825 1631 879 1674 eas
903 1608 1070 1699 inpelleret
1090 1635 1146 1707 vq-
1240 1697 1242 1707 1

29 1725 95 1782 ces
127 1737 214 1804 quae
241 1712 376 1780 invidiae
403 1735 469 1780 non
496 1711 558 1802 ipsi
584 1721 709 1779 tuntum
737 1711 795 1778 sed
822 1734 937 1779 causae
960 1724 1057 1803 etque
1078 1715 1145 1782 uni·

30 1839 139 1888 verso
163 1815 265 1885 ordini
287 1827 408 1900 essent,
436 1815 598 1884 neminem
619 1838 661 1882 ex
683 1814 818 1906 collegio
846 1816 1045 1884 tribunonrm
1066 1818 1145 1884 mili

30 1934 113 1992 tum
134 1921 263 2012 saepius
292 1946 391 2012 quam
412 1919 613 1989 Postumium
638 1919 671 1989 in
700 1920 962 2011 disceptationem
988 1921 1144 1990 trahebat.
1157 1939 1191 1994 15

33 2040 111 2096 tum
133 2050 212 2094 vero
233 2027 411 2094 secundum
434 2007 500 2095 lain
520 2048 653 2094 saevum
674 2038 771 2116 utque
792 2024 1001 2104 inhumanum
1022 2027 1144 2094 dictum

35 2183 58 2217 ‚‚
64 2130 180 2199 auditis
186 2135 205 2170 “
226 2130 328 2222 inquit
349 2181 367 2215 ‚,
373 2130 522 2217 Quirites,
544 2130 746 2206 sieutservis
760 2131 882 2202 malum
897 2131 1072 2200 minantem
1087 2132 1143 2206 mi-

36 2237 172 2305 litibus?
192 2247 301 2304 temen
322 2233 404 2304 haee
425 2235 519 2303 belua
542 2234 664 2326 dignior
686 2235 778 2304 vobis
799 2245 890 2305 tento
913 2237 1037 2308 bonore
1057 2237 1142 2306 vide

37 2341 127 2408 bitur
148 2364 246 2430 quam
267 2339 322 2430 qui
344 2365 404 2409 vos
425 2340 505 2408 urb'e
529 2340 675 2432 agrisque
698 2341 833 2410 donatos
854 2341 888 2409 in
910 2341 1051 2412 colonias
1074 2343 1143 2410 mit
1194 2342 1198 2353 ⁸

40 2455 128 2527 tunt,
155 2443 211 2534 qui
232 2443 343 2512 sedem
363 2443 519 2512 senectuti
540 2457 666 2513 vestrae
693 2445 904 2536 prospiciunt,
933 2447 988 2538 qui
1008 2473 1067 2537 pro
1090 2463 1191 2520 vebo

44 2546 116 2616 stris
144 2547 322 2615 commodis
350 2549 501 2616 adversus
523 2559 590 2618 tam
617 2548 762 2616 crudeles
790 2549 1011 2640 superbosque
1034 2553 1142 2620 adver·

45 2651 144 2721 serios
166 2651 368 2742 depugnant?
399 2651 526 2743 incipite
548 2652 662 2720 deinde
683 2652 790 2720 mirari
811 2676 869 2720 eur
888 2655 983 2745 pauci
1004 2654 1068 2722 iam
1090 2681 1142 2725 ve-

47 2769 142 2826 stram
163 2755 336 2847 suscipiant
357 2779 497 2826 causum.
535 2757 611 2848 quid
632 2768 670 2826 ut
691 2783 710 2824 a
731 2757 824 2826 vobis
846 2760 995 2851 sperent?
1023 2783 1064 2826 en
1085 2758 1140 2829 bo-

64 2935 90 2992 b.
108 2932 285 2991 arcessitus:
303 2930 362 2994 ΡΜ.
384 2965 418 2978 -
442 2931 503 2996 Pll:
527 2933 557 2990 in
644 2934 671 2996 8.
688 2933 751 2990 nisi
765 2933 947 3009 quieverint:
965 2933 1002 3008 P]
1020 2938 1050 2992 ni
1067 2938 1140 3014 quie-

108 3023 238 3080 coutioue.
687 3021 785 3082 verint.
810 3053 845 3066 -
869 3021 910 3080 tt:
929 3025 1017 3101 inquit
1030 3027 1037 3094 Ι
1052 3025 1140 3101 sique·

67 3108 92 3168 l.
109 3127 166 3184 qua
182 3110 279 3168 sextio
296 3117 333 3167 tr.
347 3109 404 3184 pL:
420 3106 452 3167 P.
470 3138 504 3151 -
528 3105 556 3164 ll
686 3110 778 3166 uerint
793 3105 836 3187 qtl
849 3109 970 3170 ruditum
988 3121 1039 3172 eet.
1061 3143 1095 3154 ·—
1117 3109 1140 3168 P

109 3193 181 3256 Leld.
194 3214 212 3253 1.
231 3193 277 3255 el:
296 3202 347 3270 quse
365 3197 452 3251 sextio
470 3194 555 3272 tupl.
686 3217 723 3256 m.
746 3199 784 3258 1.=
806 3195 911 3274 inquld.
933 3229 969 3242 ·-
996 3196 1056 3255 Pu:
1084 3217 1139 3254 uon
1240 3214 1241 3218 ’

101 3279 261 3338 -'Voss.u.
275 3280 322 3338 al:
340 3301 392 3356 qua
403 3279 438 3340 Μ.
449 3280 555 3340 Sextio.
687 3285 840 3342 contionem
858 3286 952 3360 magis.
1220 3336 1223 3344 .

69 3369 94 3428 5.
110 3367 216 3426 Volane
234 3365 297 3437 ΡΜ]
317 3364 409 3426 Bolus.
430 3397 466 3410 -
490 3365 554 3424 Pul:
626 3371 668 3429 10.
687 3379 771 3428 αἰὲν.
786 3372 828 3445 pl.
846 3374 894 3426 nir
910 3371 1137 3444 acerneeinfa·
1255 3372 1258 3380 '

110 3454 213 3532 dignos
239 3455 317 3512 enlm
341 3473 407 3510 esse
431 3455 484 3530 qui
506 3472 553 3510 ar·
685 3457 820 3514 condus:
838 3455 896 3515 ΡΜ.

108 3542 554 3615 misenepieeenteorumurbem
625 3543 667 3602 17.
686 3544 800 3600 auditis
823 3543 930 3620 inquid
951 3544 1089 3620 quirites.-
1114 3538 1138 3602 P

109 3647 266 3706 agrumque
300 3629 442 3686 nolanum
477 3649 553 3686 esse.
684 3650 722 3689 m.
739 3633 765 3690 1.
782 3629 818 3690 Μ.

107 3713 166 3774 Tan.
182 3714 269 3772 Faber
290 3716 415 3794 dignum
433 3715 552 3774 seriben-
624 3721 667 3780 ts.
685 3717 760 3776 tm
777 3719 878 3777 belua:
896 3718 939 3793 Μ]
957 3719 1023 3777 baec
1039 3719 1136 3781 bellue.

22 3805 24 3811 ’
108 3800 166 3858 dum
195 3822 255 3859 esse
283 3804 404 3860 censuit:
438 3804 553 3861 lortrsse
620 3805 622 3809 ’
683 3835 719 3848 -
736 3805 773 3863 P:
791 3806 941 3866 becbelue.
955 3807 1036 3864 -1’2
1055 3827 1136 3886 quam

109 3887 173 3966 quod
190 3909 244 3946 non
258 3896 329 3947 esset
340 3892 470 3968 seriptum
488 3891 552 3959 „di-
684 3896 798 3972 quinos
816 3897 845 3952 iu
862 3896 929 3954 urbe
945 3899 1070 3972 egrlsquo
1088 3897 1134 3953 do·

111 3995 169 4051 gnos
198 3977 269 4033 euim
298 3997 358 4034 esse
387 3981 433 4057 qni
459 3979 553 4038 urbem
684 3992 763 4040 ustos
781 3993 831 4040 cet.
850 4013 884 4026 -
907 3981 1053 4058 lllprimo:
1073 3985 1135 4062 qni-

112 4083 182 4141 qnem
200 4067 282 4121 armis
300 4068 449 4143 cepissent,
472 4069 552 4126 etiam
685 4071 759 4129 dem.
778 4070 857 4127 dein:
876 4072 1038 4148 quieedem.

110 4151 300 4227 possidereut‘t
623 4157 666 4215 23.
685 4157 761 4233 quid
768 4167 829 4216 uta
838 4160 922 4218 uobis
930 4168 1065 4234 sperent:
1077 4157 1134 4218 Pu.
