2838 4822
1154 325 1193 386 xl

107 511 151 560 ex
174 481 279 562 simili
303 485 455 592 quodam
480 481 638 562 eiusdem
653 482 944 561 familiaecodice
965 511 1045 562 eum
1061 474 1212 564 deseri·

104 615 205 708 ptum
229 631 311 684 osse
334 633 415 682 cum
439 608 587 682 maxima
611 605 826 684 diversitatis
853 607 1047 710 scripturae
1068 609 1192 685 simili·
1225 685 1229 702 ,

104 728 192 804 tudo
217 726 340 820 docet,
364 738 448 804 tum
464 753 627 829 quae‘ex
648 725 933 804 adnotationibus
957 731 1001 804 iu.
1019 731 1192 832 antiquio·

103 875 183 924 rum
207 848 446 952 exemplorum
466 849 631 952 margine
660 841 847 951 adscriptis
872 875 1086 952 quamquam
1112 877 1193 952 per-

103 995 184 1044 raro
206 969 244 1044 in
269 970 462 1058 mationem
486 970 600 1072 ipsam
628 979 772 1071 recepta
796 979 894 1062 suut,
925 972 1024 1048 cuius
1053 971 1193 1074 generis

102 1091 204 1168 locus
228 1091 301 1183 t-u,
320 1095 375 1167 tt.
400 1101 466 1183 est,
491 1117 599 1194 mem
621 1091 745 1172 uisiiu
760 1089 817 1167 his
836 1090 974 1170 duobus
993 1091 1093 1169 libris
1110 1119 1194 1168 nus·

105 1239 211 1313 qnam
227 1214 457 1326 repperimus.
493 1215 536 1288 ab
554 1211 822 1315 diligentissimo
839 1238 925 1290 vero
940 1211 1083 1291 librario
1097 1212 1194 1288 bnnc

104 1334 231 1411 librum
256 1337 429 1438 scriptum
447 1359 534 1412 esse
559 1361 604 1410 ex
635 1359 678 1410 eo
708 1333 857 1436 intelligi
885 1342 1016 1437 potest,
1042 1334 1195 1437 quodie
1336 1429 1342 1438 Ι
1390 1293 1397 1313 ¹

105 1455 268 1558 omnibns
292 1456 391 1532 locis·
406 1456 535 1558 quibus
552 1455 742 1534 dissentire
765 1455 860 1532 inter
882 1482 924 1534 se
942 1457 1086 1557 antiqua
1104 1481 1195 1556 qtrae

104 1586 187 1652 ante
217 1577 339 1656 oculos
367 1577 505 1654 babuit·
527 1576 685 1679 exempla
714 1577 867 1669 invenit,
907 1602 1020 1680 prope
1052 1577 1196 1657 modum
1271 1616 1274 1624 ,

103 1723 245 1781 omnem
273 1707 350 1775 tour
381 1697 600 1799 singolorum
628 1697 910 1795 verberamini.
936 1701 972 1789 1,
999 1688 1074 1772 aa:
1104 1724 1197 1772 moe-

102 1819 198 1894 rium
221 1815 257 1890 b.
282 1841 312 1891 e.
336 1818 486 1894 moerim
508 1833 677 1894 moenum.
718 1817 758 1906 4,
782 1817 855 1892 oua
886 1817 1078 1892 intonabat
1107 1817 1143 1892 lu
1168 1842 1197 1894 e.

103 1938 244 2016 iuuaret
267 1937 420 2042 iuuabat.
447 1935 511 2032 al.)
541 1947 617 2014 tum
639 1937 816 2015 ‘maiorum
847 1937 1016 2014 orationis
1035 1938 1198 2038 'partium

105 2059 346 2136 diversitatem
377 2059 552 2149 enotavit,
586 2059 688 2136 cuins
717 2057 867 2134 similem
893 2069 993 2138 tanta
1023 2085 1104 2136 cum
1127 2058 1197 2136 fide
1263 2075 1265 2078 ’

104 2179 296 2260 adhibitam
321 2178 538 2281 diligentiam
561 2181 600 2256 in
622 2179 720 2278 nullo
744 2179 892 2281 antiquo
911 2178 1034 2302 codice
1048 2181 1197 2260 Liviano

104 2301 269 2380 vidimus.
309 2326 354 2377 ex
376 2301 724 2382 Drakenborchianis
754 2311 874 2376 mmor
903 2302 1080 2404 excerptis
1110 2301 1199 2378 baec
1309 2363 1312 2368 .
1407 2292 1411 2300 ’

105 2421 263 2499 Medicei
285 2421 365 2497 libri
389 2421 503 2500 virtus
527 2451 651 2525 pamm
680 2423 848 2524 cognosci
880 2433 1019 2525 potest,
1056 2447 1137 2500 eum
1166 2423 1199 2498 is

107 2545 170 2644 qui
192 2543 320 2618 librum
344 2536 622 2634 conmittitur
645 2570 725 2620 raro
750 2538 895 2636 alteram
917 2554 1054 2622 tantum
1078 2543 1200 2621 lectio·

106 2690 191 2744 oum
215 2662 455 2764 exscripserit,
478 2689 532 2742 ex.
557 2690 608 2766 gr.
632 2666 666 2756 3,
687 2669 744 2740 41.
767 2666 829 2744 ubi
852 2665 1101 2742 nondimittit
1124 2691 1201 2742 cer-

107 2789 228 2863 tamen
252 2780 318 2859 sed
342 2782 495 2863 dimittit
525 2782 674 2864 diremit
702 2773 897 2884 certant)
926 2785 965 2860 in
986 2786 1085 2864 Med.
1114 2786 1200 2864 scri-
1275 2856 1279 2864 .

106 2916 211 3008 ptum
236 2914 300 2982 est
339 2905 434 2983 Hine
458 2905 563 2982 etiam
578 2905 709 2984 factum
726 2916 792 2998 est,
816 2915 857 2984 ut
872 2906 1013 2982 nomina
1039 2934 1129 3009 quae
1145 2907 1202 2983 lit·

108 3038 265 3106 terarum
290 3025 402 3128 signis
426 3027 534 3110 scribi
559 3021 736 3119 solebant,
765 3029 805 3104 in
833 3027 903 3104 hnc
933 3028 1024 3108 libro
1049 3029 1202 3132 plerum-

112 3174 183 3249 que
207 3146 410 3246 diligentios
436 3173 544 3250 quarn
566 3149 605 3232 in
620 3149 652 3224 P
669 3149 818 3250 aliisque
832 3148 932 3226 libris
952 3151 1107 3252 antiquis
1123 3177 1203 3252 per-

111 3266 465 3370 ampuritanus,
498 3295 550 3345 ex.
575 3295 626 3372 gr.
646 3297 722 3373 per.
740 3272 814 3372 pir.
833 3298 915 3374 por.
933 3301 1025 3374 pmr.
1055 3275 1137 3352 sies.
1161 3269 1202 3344 al.

111 3399 155 3468 ut
178 3413 222 3464 ex
244 3388 314 3464 hoc
337 3416 408 3469 uno
432 3389 530 3468 fonte
555 3415 635 3472 cum
659 3391 718 3466 olii
740 3400 830 3470 tum'
846 3392 1119 3468 difficilior‘eius
1145 3417 1204 3492 ge-

112 3511 209 3588 neris
233 3508 333 3584 locus
358 3508 392 3599 5,
417 3511 473 3584 51.
505 3511 542 3592 in
571 3511 747 3614 integrum
776 3512 917 3588 restitui
946 3513 1112 3613 potuerit.
1130 3581 1135 3589 .
1154 3521 1204 3588 at-

114 3657 185 3732 que
208 3630 258 3706 ita
282 3629 448 3732 permulti
470 3629 604 3726 laudari
626 3642 780 3733 possunt
801 3631 872 3712 loci
896 3633 1025 3734 quibus
1041 3641 1118 3711 tum
1136 3633 1206 3710 ele

114 3752 274 3852 gantiore
297 3753 485 3834 verborum
502 3751 784 3836 collocaodorum
800 3753 923 3866 ordine
947 3747 1205 3858 tum‘prudenti

38 3969 40 3974 ’
138 3911 282 4032 ’ἿΗοο
298 3944 396 4026 lineola
414 3964 484 4022 inter
501 3965 563 4027 bina
580 3951 660 4028 verba
676 3966 833 4042 interposita
849 3965 1206 4048 significavimusfinesver-

115 4048 317 4198 3133qu
315 4049 344 4109 tt
361 4053 449 4131 ipsum
466 4053 496 4112 in
512 4052 682 4114 diiudicanda
699 4056 830 4156 scriptura
847 4067 903 4114 nou
920 4071 1063 4167 comunem
1081 4049 1149 4138 opus
1166 4051 1206 4112 vt
