2832 4720
574 303 744 364 mm
1028 283 1039 292 ”
1139 297 1204 364 w

91 463 215 542 intesta
237 464 443 556 populatione
464 465 566 536 venit:
599 465 719 546 foedati
740 466 821 557 agri,
848 479 950 537 terror
978 469 1111 538 iniectus
1133 470 1203 538 urbi

94 581 162 636 est.
196 580 266 638 turn
287 569 391 662 plebs*
407 570 541 660 benigne
569 594 656 638 arma
684 571 777 662 cepit.
815 573 1059 656 reclamantibus
1086 575 1201 646 transtra

92 672 233 740 tribunis
254 676 447 765 magniduo
470 675 626 744 exercitus
655 674 772 769 scripti.
811 674 946 744 alterum
957 677 1103 776 JNautius
1127 705 1201 749 cou-

90 787 146 844 tra
168 777 305 846 Sabinos
335 780 438 862 duxit,
471 779 643 871 castrisque
673 780 714 846 ad
735 779 868 848 Eretum
893 777 1004 871 positis
1027 806 1085 872 per
1107 807 1200 876 expe-

92 880 234 950 ditiones
260 907 374 972 parvas
401 883 590 974 plerumque
622 884 784 952 nocturnis
815 884 1046 988 incursionibus
1078 899 1230 960 tantam5

89 987 278 1057 vastitatem
305 987 339 1054 in
365 989 483 1056 Sabino
513 1012 588 1078 agro
616 989 764 1071 reddidit,
797 1001 834 1056 ut
862 990 1023 1079 touparati
1051 991 1092 1058 ad
1126 1015 1197 1058 eam

88 1114 200 1181 prope
222 1091 332 1163 intacti
353 1092 439 1160 bello
461 1093 541 1160 fines
557 1093 692 1162 Romani
714 1095 905 1172 viderentur.
929 1093 1070 1162 Minucio
1093 1105 1198 1186 neque

87 1195 222 1264 fortuna
244 1219 304 1264 nec
326 1196 373 1264 vis
396 1195 490 1264 animi
513 1198 626 1278 eadem
648 1199 680 1264 in
702 1200 840 1291 gerendo
863 1198 992 1288 negotio
1016 1199 1089 1282 tuit,
1121 1224 1198 1267 narn

87 1323 170 1368 cum
191 1300 277 1368 haud
297 1300 411 1391 procul
433 1301 473 1368 ab
502 1301 596 1370 hoste
618 1315 720 1372 castra
748 1303 922 1396 posuisset,
955 1303 1043 1370 nulla
1067 1328 1196 1396 magno-

15 1423 19 1430 ·
85 1427 169 1495 pere
198 1405 288 1474 clade
317 1418 448 1498 accepta
477 1408 586 1476 castris
615 1431 650 1475 se
682 1409 815 1498 pavidus
846 1408 986 1476 tenebat.
1025 1410 1114 1500 quod
1141 1408 1196 1476 ubi
1212 1426 1246 1482 ιο

87 1521 258 1577 senserant
278 1510 404 1592 hostes,
437 1511 536 1579 crevit
558 1537 599 1578 ex
621 1523 709 1579 metu
738 1511 840 1578 alieno
868 1524 906 1578 ut
926 1513 962 1604 lit
989 1513 1134 1596 audacia,
1164 1524 1196 1580 et

89 1623 190 1680 nocte
213 1613 314 1680 adorti
337 1624 454 1696 eastra,
475 1625 648 1705 postquam
669 1638 783 1703 parum
804 1613 853 1681 vis
876 1625 985 1704 aperta
1007 1617 1195 1706 profecerat,

88 1715 284 1784 munitiones
305 1727 436 1807 postero
465 1718 517 1784 die
545 1717 750 1784 circumdant.
788 1740 871 1807 quae
900 1715 1085 1806 priusquam
1107 1721 1194 1786 undi-

90 1843 159 1910 que
180 1820 266 1886 vallo
288 1821 433 1888 obiectae
455 1821 639 1902 clauderent
660 1821 779 1902 exitus,
804 1819 945 1910 quinque
968 1821 1091 1912 equites
1112 1823 1195 1892 inter
1278 1882 1280 1888 s

87 1925 242 1994 stationes
264 1925 405 1993 hostium
432 1925 539 1993 emissi
560 1927 697 2000 Romam
725 1923 884 2016 pertulere
914 1924 1079 1992 consulem
1093 1949 1193 2017 exer·
1208 1943 1241 1998 15
1289 1968 1302 2002 t
1406 1972 1409 1978 ·

87 2030 252 2121 citumque
281 2029 427 2098 obsideri.
464 2030 542 2098 nihil
569 2041 635 2098 tarn
665 2054 727 2098 nee
756 2028 953 2121 inopinatum
979 2051 1039 2096 nec
1060 2013 1127 2096 tain
1149 2030 1192 2096 in-

3 545 8 604 l

3 2277 5 2288 ,
104 2225 132 2281 9.
150 2226 336 2300 armacapit:
354 2221 384 2283 P.
398 2219 484 2280 -·ll:
503 2223 602 2301 eoepit.
676 2224 719 2281 13.
738 2241 815 2300 quae
824 2222 1017 2298 priusquam:
1035 2217 1109 2280 Μιιι.
1123 2223 1149 2280 2.
1161 2219 1191 2280 P.
1277 2226 1280 2234 “

105 2313 132 2370 t.
151 2310 195 2368 ad
215 2312 354 2368 Eretum.-
376 2310 411 2370 Μ.
438 2343 472 2352 -
502 2310 540 2366 P:
567 2310 621 2372 ad,
736 2341 770 2352 -
787 2309 815 2366 Μ
833 2310 1163 2386 m.1.:quaeriusquamq

148 2396 255 2456 fretum.
266 2429 300 2438 -
317 2395 358 2452 ll:
376 2399 474 2474 positis
491 2399 540 2474 ple
557 2418 602 2453 ex·
661 2398 717 2456 ll.
736 2399 881 2454 obiectae:
901 2394 949 2451 ΡΜ
966 2383 1041 2454 ΗιιιΙ.Ι
1058 2395 1095 2466 u]
1117 2395 1190 2451 obie-

736 2494 789 2542 cto.
808 2513 841 2527 -
865 2482 887 2538 P
905 2503 941 2543 m.
960 2486 1001 2540 t:
1025 2480 1191 2541 clauderent.

735 2589 771 2628 m.
790 2572 828 2627 tn
847 2569 1008 2627 clauderent.
1026 2599 1062 2613 -
1085 2567 1125 2626 ll:
1150 2571 1190 2626 iu·
1261 2603 1269 2612 ι

735 2665 777 2712 ter
788 2657 914 2713 sationes.
925 2686 958 2700 -
970 2655 1032 2729 Pul:
1052 2655 1190 2713 bostium.

674 2743 717 2801 16.
735 2742 813 2799 nihil
837 2750 899 2796 tom
925 2762 978 2798 nec
1008 2743 1190 2814 inopinatum

735 2849 790 2886 nec
816 2836 877 2886 tam
903 2825 1085 2904 in'sp'ercdum
1116 2830 1189 2884 occi·
1270 2816 1274 2824 ‚

734 2917 806 2973 dere
812 2917 924 2992 potunt
934 2916 961 2974 Μ
971 2913 1071 2974 ΗιιιΙ,ι.
1084 2913 1160 2974 Laid.
1170 2933 1188 2974 ι.

736 3035 770 3044 -
797 3000 867 3060 Cum
895 3003 1078 3078 diligentiores
1108 2987 1188 3079 qrios-

734 3091 795 3148 dam
821 3089 946 3148 librarios
973 3090 1038 3148 haut
1067 3089 1188 3166 fugisset,
1218 3087 1220 3098 ⁴

732 3197 932 3255 nonnumquam
957 3179 988 3234 in
1013 3179 1131 3255 antiquis
1155 3176 1188 3232 li·

723 3266 789 3322 ‘brie
807 3267 1043 3340 necinopinatum
1056 3265 1187 3338 scriptum

152 2483 313 2561 peditiones.
332 2502 368 2540 m.
381 2485 420 2542 3.:
437 2484 535 2560 positis
546 2483 602 2560 ple·

150 2577 211 2646 riq.
225 2569 418 2648 expeditiones.
429 2602 462 2612 -
471 2569 534 2626 Pul:
547 2570 602 2648 ple-

151 2675 265 2734 rumque
282 2655 422 2712 nocturnis
443 2656 603 2715 incursioni·

149 2743 209 2802 bus.
240 2742 273 2801 cl.
293 2750 318 2813 9,
338 2743 381 2802 tt.
546 2809 561 2821 ἱ

29 2813 34 2834 i
104 2835 132 2892 7.
149 2832 280 2888 Minucio
298 2845 395 2908 neque
405 2829 538 2902 fortuna
549 2851 603 2888 nec

150 2920 197 2976 uir
209 2921 302 2976 αιιίιηί
313 2919 417 2975 eodem
429 2919 601 2997 ingerendo

147 3008 264 3084 negotio
276 3005 358 3078 fuit:
376 3004 432 3064 ΡΜ.

94 3093 130 3151 ·9.
148 3095 233 3149 nullo
254 3113 433 3173 magnopere
452 3094 540 3150 clade
557 3091 601 3162 (Μ
627 3109 630 3128 ·

148 3183 240 3239 m.1.:
259 3179 371 3250 claude)
390 3183 524 3257 accepta.-
543 3179 599 3238 ΡΜ.

150 3265 183 3323 cl.
195 3263 274 3324 Caes.
292 3265 354 3324 bell.
372 3267 431 3341 gall.
451 3271 475 3335 1,
492 3269 547 3326 tn:
565 3287 600 3323 ne

2 3142 13 3256 ἱ

149 3351 185 3407 ob
203 3371 260 3407 earn
278 3371 334 3407 rem
353 3363 398 3408 aut
415 3373 478 3410 suae
491 3372 599 3430 magno

150 3458 237 3514 opere
254 3439 348 3496 virtuti
365 3439 502 3510 tribueret.
540 3437 599 3497 cic.

149 3523 226 3587 Verr,
244 3526 276 3594 5,
299 3527 356 3584 lt:
384 3524 463 3602 quid,
482 3526 599 3601 inquam,

147 3632 255 3693 magno
275 3611 599 3690 operelpotoitCleomo·

145 3720 194 3758 nes
211 3701 306 3760 lacere.
327 3701 361 3760 al.

90 3788 130 3845 10.
148 3789 229 3862 quod
247 3791 297 3847 ubi
312 3788 467 3847 senserant
479 3785 600 3846 hostes:

147 3859 597 3944 mmmm*

145 3958 262 4020 Harl.1.:
275 3972 402 4022 senserat.
411 3993 446 4008 ···
458 3960 525 4018 Alit:
537 3978 597 4015 sen·

145 4059 246 4106 serunt.

128 4153 156 4201 Τ.
170 4152 222 4198 nivi
235 4167 286 4214 paro
297 4151 317 4202 Ι.

699 3341 705 3353 ’
733 3353 866 3428 reperiri,
903 3351 1025 3427 quamvis
1060 3349 1187 3418 alterutra

724 3437 813 3495 ¹modo
840 3439 1022 3512 negativarum
1044 3434 1205 3513 particulo·

731 3545 791 3580 rum
807 3523 896 3582 lorum
915 3522 1014 3578 habere
1025 3531 1118 3600 posset
1134 3521 1185 3590 (cl.

733 3617 758 3679 1,
771 3614 829 3670 57.:
847 3611 1063 3686 ‚‚neciuopinato
1076 3611 1127 3666 uiri
1138 3607 1183 3664 ad·

729 3700 865 3767 uentu“):
891 3697 944 3754 hoc
962 3698 1040 3752 ctiam
1058 3696 1119 3754 loeo
1138 3706 1184 3752 aut

731 3805 784 3842 uec
801 3794 846 3842 aut
864 3787 895 3840 in
912 3783 1114 3862 expungendum
1132 3781 1184 3838 rati

731 3871 778 3928 alii
809 3875 975 3950 scripserunt
1004 3871 1094 3940 „nihil
1129 3880 1184 3925 tam
1246 3893 1248 3898 ¹

730 3961 921 4038 necopinatum
945 3979 995 4014 nec
1017 3969 1071 4014 tam
1092 3960 1181 4032 inspe-

729 4049 838 4114 ratum“
850 4046 925 4115 (cod.
934 4045 1053 4116 Rhea.);
1066 4044 1110 4100 alii
1123 4045 1180 4112 „ni-

941 4134 980 4198 17
