<?xml version="1.0" encoding="UTF-8"?>
<!DOCTYPE html PUBLIC "-//W3C//DTD XHTML 1.0 Transitional//EN"
    "http://www.w3.org/TR/xhtml1/DTD/xhtml1-transitional.dtd">
<html xmlns="http://www.w3.org/1999/xhtml" xml:lang="en" lang="en">
 <head>
  <title>
</title>
<meta http-equiv="Content-Type" content="text/html;charset=utf-8" />
  <meta name='ocr-system' content='tesseract 3.04.00' />
  <meta name='ocr-capabilities' content='ocr_page ocr_carea ocr_par ocr_line ocrx_word'/>
</head>
<body>
  <div class='ocr_page' id='page_1' title='image "./titilivirerumro02alscgoog_0115.png"; bbox 0 0 2860 4736; ppageno 0'>
   <div class='ocr_carea' id='block_1_1' title="bbox 257 251 892 344">
    <p class='ocr_par' dir='ltr' id='par_1_1' title="bbox 257 251 892 344">
     <span class='ocr_line' id='line_1_1' title="bbox 257 251 892 344; baseline 0.005 -3"><span class='ocrx_word' id='word_1_1' title='bbox 257 268 302 341; x_wconf 81' lang='lat' dir='ltr'>eo</span> <span class='ocrx_word' id='word_1_2' title='bbox 373 251 376 264; x_wconf 88' lang='lat'>&#39;</span> <span class='ocrx_word' id='word_1_3' title='bbox 733 281 892 344; x_wconf 78' lang='lat' dir='ltr'>numu</span> 
     </span>
    </p>
   </div>
   <div class='ocr_carea' id='block_1_2' title="bbox 58 430 1402 2316">
    <p class='ocr_par' dir='ltr' id='par_1_2' title="bbox 58 430 1402 2316">
     <span class='ocr_line' id='line_1_2' title="bbox 258 430 1358 538; baseline 0 -22"><span class='ocrx_word' id='word_1_4' title='bbox 258 445 384 516; x_wconf 75' lang='lat' dir='ltr'>lorium</span> <span class='ocrx_word' id='word_1_5' title='bbox 408 454 591 514; x_wconf 79' lang='lat' dir='ltr'>exactorem</span> <span class='ocrx_word' id='word_1_6' title='bbox 610 430 757 535; x_wconf 83' lang='lat' dir='ltr'>supplicii</span> <span class='ocrx_word' id='word_1_7' title='bbox 778 444 874 516; x_wconf 80' lang='lat' dir='ltr'><strong>dedit.</strong></span> <span class='ocrx_word' id='word_1_8' title='bbox 896 445 1022 516; x_wconf 76' lang='lat' dir='ltr'>suham</span> <span class='ocrx_word' id='word_1_9' title='bbox 1042 446 1169 538; x_wconf 74' lang='lat' dir='ltr'>deligati</span> <span class='ocrx_word' id='word_1_10' title='bbox 1187 447 1229 514; x_wconf 79' lang='lat' dir='ltr'>od</span> <span class='ocrx_word' id='word_1_11' title='bbox 1246 448 1358 538; x_wconf 77' lang='lat' dir='ltr'>polum</span> 
     </span>
     <span class='ocr_line' id='line_1_3' title="bbox 258 548 1356 644; baseline 0 -24"><span class='ocrx_word' id='word_1_12' title='bbox 258 549 444 620; x_wconf 70' lang='lat' dir='ltr'>nobilissimi</span> <span class='ocrx_word' id='word_1_13' title='bbox 464 548 604 618; x_wconf 86' lang='lat' dir='ltr'>iuvenes.</span> <span class='ocrx_word' id='word_1_14' title='bbox 632 549 690 618; x_wconf 86' lang='lat' dir='ltr'>sed</span> <span class='ocrx_word' id='word_1_15' title='bbox 711 575 730 618; x_wconf 84' lang='grc' dir='ltr'>ιι</span> <span class='ocrx_word' id='word_1_16' title='bbox 751 550 865 619; x_wconf 84' lang='lat' dir='ltr'>ceteris</span> <span class='ocrx_word' id='word_1_17' title='bbox 887 550 977 620; x_wconf 80' lang='lat' dir='ltr'>velut</span> <span class='ocrx_word' id='word_1_18' title='bbox 997 549 1038 618; x_wconf 79' lang='lat' dir='ltr'>ab</span> <span class='ocrx_word' id='word_1_19' title='bbox 1059 549 1174 643; x_wconf 77' lang='lat' dir='ltr'>ignotis</span> <span class='ocrx_word' id='word_1_20' title='bbox 1197 553 1356 644; x_wconf 67' lang='lat' dir='ltr'>capitibus</span> 
     </span>
     <span class='ocr_line' id='line_1_4' title="bbox 259 653 1402 746; baseline -0.002 -20"><span class='ocrx_word' id='word_1_21' title='bbox 259 655 397 728; x_wconf 80' lang='lat' dir='ltr'>consulis</span> <span class='ocrx_word' id='word_1_22' title='bbox 422 654 513 722; x_wconf 89' lang='lat' dir='ltr'>liberi</span> <span class='ocrx_word' id='word_1_23' title='bbox 541 653 684 725; x_wconf 75' lang='lat' dir='ltr'>omniomi</span> <span class='ocrx_word' id='word_1_24' title='bbox 710 654 745 722; x_wconf 89' lang='lat' dir='ltr'>in</span> <span class='ocrx_word' id='word_1_25' title='bbox 771 678 808 724; x_wconf 87' lang='lat' dir='ltr'>se</span> <span class='ocrx_word' id='word_1_26' title='bbox 830 666 1008 724; x_wconf 77' lang='lat' dir='ltr'>everterant</span> <span class='ocrx_word' id='word_1_27' title='bbox 1029 655 1152 740; x_wconf 81' lang='lat' dir='ltr'>oeulos,</span> <span class='ocrx_word' id='word_1_28' title='bbox 1173 655 1358 725; x_wconf 79' lang='lat' dir='ltr'>miserebat·</span> <span class='ocrx_word' id='word_1_29' title='bbox 1401 735 1402 746; x_wconf 15' lang='lat' dir='ltr'>p</span> 
     </span>
     <span class='ocr_line' id='line_1_5' title="bbox 259 757 1362 854; baseline 0 -26"><span class='ocrx_word' id='word_1_30' title='bbox 259 785 324 854; x_wconf 87' lang='lat' dir='ltr'>que</span> <span class='ocrx_word' id='word_1_31' title='bbox 344 783 410 831; x_wconf 89' lang='lat' dir='ltr'>oon</span> <span class='ocrx_word' id='word_1_32' title='bbox 430 783 555 852; x_wconf 77' lang='lat' dir='ltr'>poenae</span> <span class='ocrx_word' id='word_1_33' title='bbox 576 758 684 850; x_wconf 74' lang='lat' dir='ltr'>megin</span> <span class='ocrx_word' id='word_1_34' title='bbox 698 757 844 828; x_wconf 88' lang='lat' dir='ltr'>homiues</span> <span class='ocrx_word' id='word_1_35' title='bbox 866 783 964 851; x_wconf 77' lang='lat' dir='ltr'>quun</span> <span class='ocrx_word' id='word_1_36' title='bbox 985 761 1113 830; x_wconf 80' lang='lat' dir='ltr'>sceleris</span> <span class='ocrx_word' id='word_1_37' title='bbox 1134 783 1201 852; x_wconf 81' lang='lat' dir='ltr'>quo</span> <span class='ocrx_word' id='word_1_38' title='bbox 1217 763 1362 852; x_wconf 86' lang='lat' dir='ltr'>poenom&#39;</span> 
     </span>
     <span class='ocr_line' id='line_1_6' title="bbox 227 863 1362 959; baseline 0.005 -31"><span class='ocrx_word' id='word_1_39' title='bbox 227 865 360 936; x_wconf 78' lang='lat' dir='ltr'>emeriti</span> <span class='ocrx_word' id='word_1_40' title='bbox 381 875 502 934; x_wconf 76' lang='lat' dir='ltr'>essenlr</span> <span class='ocrx_word' id='word_1_41' title='bbox 524 863 597 932; x_wconf 88' lang='lat' dir='ltr'>illos</span> <span class='ocrx_word' id='word_1_42' title='bbox 619 887 660 932; x_wconf 85' lang='lat' dir='ltr'>eo</span> <span class='ocrx_word' id='word_1_43' title='bbox 681 864 883 956; x_wconf 82' lang='lat' dir='ltr'>potissimum</span> <span class='ocrx_word' id='word_1_44' title='bbox 911 887 994 934; x_wconf 84' lang='lat' dir='ltr'>enno</span> <span class='ocrx_word' id='word_1_45' title='bbox 1022 867 1157 959; x_wconf 78' lang='lat' dir='ltr'>patrium</span> <span class='ocrx_word' id='word_1_46' title='bbox 1182 865 1362 948; x_wconf 79' lang='lat' dir='ltr'>liberatam,</span> 
     </span>
     <span class='ocr_line' id='line_1_7' title="bbox 257 968 1361 1062; baseline -0.002 -22"><span class='ocrx_word' id='word_1_47' title='bbox 257 981 381 1062; x_wconf 79' lang='lat' dir='ltr'>putrem</span> <span class='ocrx_word' id='word_1_48' title='bbox 401 971 620 1052; x_wconf 76' lang='lat' dir='ltr'>liberatorem,</span> <span class='ocrx_word' id='word_1_49' title='bbox 642 968 845 1038; x_wconf 78' lang='lat' dir='ltr'>consulatum</span> <span class='ocrx_word' id='word_1_50' title='bbox 866 981 973 1038; x_wconf 76' lang='lat' dir='ltr'>orbim</span> <span class='ocrx_word' id='word_1_51' title='bbox 994 993 1036 1038; x_wconf 81' lang='lat' dir='ltr'>ex</span> <span class='ocrx_word' id='word_1_52' title='bbox 1058 970 1155 1039; x_wconf 89' lang='lat' dir='ltr'>domo</span> <span class='ocrx_word' id='word_1_53' title='bbox 1178 970 1284 1054; x_wconf 79' lang='lat' dir='ltr'>Iunia,</span> <span class='ocrx_word' id='word_1_54' title='bbox 1307 995 1361 1062; x_wconf 85' lang='lat' dir='ltr'>po·</span> 
     </span>
     <span class='ocr_line' id='line_1_8' title="bbox 220 1073 1361 1167; baseline -0.004 -21"><span class='ocrx_word' id='word_1_55' title='bbox 220 1141 223 1146; x_wconf 14' lang='lat' dir='ltr'>A</span> <span class='ocrx_word' id='word_1_56' title='bbox 256 1086 322 1144; x_wconf 78' lang='lat' dir='ltr'>tres</span> <span class='ocrx_word' id='word_1_57' title='bbox 343 1075 472 1166; x_wconf 81' lang='lat' dir='ltr'>plebem</span> <span class='ocrx_word' id='word_1_58' title='bbox 494 1073 649 1165; x_wconf 84' lang='lat' dir='ltr'>quidquid</span> <span class='ocrx_word' id='word_1_59' title='bbox 662 1074 803 1146; x_wconf 83' lang='lat' dir='ltr'>‘deorum</span> <span class='ocrx_word' id='word_1_60' title='bbox 824 1075 1055 1167; x_wconf 85' lang='lat' dir='ltr'>hominumque</span> <span class='ocrx_word' id='word_1_61' title='bbox 1069 1073 1291 1142; x_wconf 83' lang='lat' dir='ltr'>Romouonun</span> <span class='ocrx_word' id='word_1_62' title='bbox 1315 1087 1361 1142; x_wconf 72' lang='lat' dir='ltr'>eo</span> 
     </span>
     <span class='ocr_line' id='line_1_9' title="bbox 58 1177 1361 1276; baseline -0.001 -28"><span class='ocrx_word' id='word_1_63' title='bbox 58 1267 61 1276; x_wconf 22' lang='lat' dir='ltr'>y</span> <span class='ocrx_word' id='word_1_64' title='bbox 258 1190 309 1248; x_wconf 77' lang='lat' dir='ltr'>set</span> <span class='ocrx_word' id='word_1_65' title='bbox 330 1217 375 1232; x_wconf 92' lang='lat'>-</span> <span class='ocrx_word' id='word_1_66' title='bbox 395 1178 615 1252; x_wconf 75' lang='lat' dir='ltr'>indruiosein</span> <span class='ocrx_word' id='word_1_67' title='bbox 638 1179 779 1248; x_wconf 84' lang='lat' dir='ltr'>animum</span> <span class='ocrx_word' id='word_1_68' title='bbox 798 1191 836 1248; x_wconf 84' lang='lat' dir='ltr'>ut</span> <span class='ocrx_word' id='word_1_69' title='bbox 857 1180 996 1271; x_wconf 86' lang='lat' dir='ltr'>superbo</span> <span class='ocrx_word' id='word_1_70' title='bbox 1018 1177 1181 1270; x_wconf 77' lang='lat' dir='ltr'>quondum</span> <span class='ocrx_word' id='word_1_71' title='bbox 1202 1179 1270 1270; x_wconf 79' lang='lat' dir='ltr'>regi</span> <span class='ocrx_word' id='word_1_72' title='bbox 1291 1190 1361 1247; x_wconf 78' lang='lat' dir='ltr'>ium</span> 
     </span>
     <span class='ocr_line' id='line_1_10' title="bbox 184 1270 1361 1375; baseline 0.002 -25"><span class='ocrx_word' id='word_1_73' title='bbox 184 1279 186 1290; x_wconf 88' lang='lat'>&#39;</span> <span class='ocrx_word' id='word_1_74' title='bbox 259 1270 376 1352; x_wconf 81' lang='lat' dir='ltr'>iulesto</span> <span class='ocrx_word' id='word_1_75' title='bbox 397 1283 483 1352; x_wconf 83' lang='lat' dir='ltr'>exuli</span> <span class='ocrx_word' id='word_1_76' title='bbox 504 1282 684 1375; x_wconf 80' lang='lat' dir='ltr'>proderent.</span> <span class='ocrx_word' id='word_1_77' title='bbox 706 1284 855 1354; x_wconf 75' lang='lat' dir='ltr'>consoles</span> <span class='ocrx_word' id='word_1_78' title='bbox 875 1285 909 1352; x_wconf 91' lang='lat' dir='ltr'>in</span> <span class='ocrx_word' id='word_1_79' title='bbox 930 1285 1042 1354; x_wconf 87' lang='lat' dir='ltr'>oedem</span> <span class='ocrx_word' id='word_1_80' title='bbox 1062 1307 1248 1375; x_wconf 82' lang='lat' dir='ltr'>processere</span> <span class='ocrx_word' id='word_1_81' title='bbox 1270 1307 1361 1352; x_wconf 86' lang='lat' dir='ltr'>suom</span> 
     </span>
     <span class='ocr_line' id='line_1_11' title="bbox 214 1386 1362 1482; baseline 0.003 -32"><span class='ocrx_word' id='word_1_82' title='bbox 214 1391 250 1450; x_wconf 88' lang='lat'>1⁰</span> <span class='ocrx_word' id='word_1_83' title='bbox 260 1386 412 1478; x_wconf 86' lang='lat' dir='ltr'>missique</span> <span class='ocrx_word' id='word_1_84' title='bbox 439 1387 567 1479; x_wconf 80' lang='lat' dir='ltr'>lictores</span> <span class='ocrx_word' id='word_1_85' title='bbox 594 1389 635 1456; x_wconf 80' lang='lat' dir='ltr'>od</span> <span class='ocrx_word' id='word_1_86' title='bbox 662 1390 854 1458; x_wconf 87' lang='lat' dir='ltr'>sumendum</span> <span class='ocrx_word' id='word_1_87' title='bbox 875 1388 1077 1482; x_wconf 86' lang='lat' dir='ltr'>supplicium.</span> <span class='ocrx_word' id='word_1_88' title='bbox 1105 1390 1243 1456; x_wconf 78' lang='lat' dir='ltr'>nudatos</span> <span class='ocrx_word' id='word_1_89' title='bbox 1267 1387 1362 1478; x_wconf 80' lang='lat' dir='ltr'>virgis</span> 
     </span>
     <span class='ocr_line' id='line_1_12' title="bbox 259 1491 1361 1585; baseline 0 -25"><span class='ocrx_word' id='word_1_90' title='bbox 259 1492 399 1561; x_wconf 79' lang='lat' dir='ltr'>eredunt</span> <span class='ocrx_word' id='word_1_91' title='bbox 419 1491 586 1585; x_wconf 82' lang='lat' dir='ltr'>securique</span> <span class='ocrx_word' id='word_1_92' title='bbox 608 1493 733 1580; x_wconf 51' lang='lat' dir='ltr'>ferinus</span> <span class='ocrx_word' id='word_1_93' title='bbox 755 1518 831 1562; x_wconf 87' lang='lat' dir='ltr'>eum</span> <span class='ocrx_word' id='word_1_94' title='bbox 851 1493 934 1562; x_wconf 71' lang='lat' dir='ltr'>inter</span> <span class='ocrx_word' id='word_1_95' title='bbox 955 1517 1052 1562; x_wconf 87' lang='lat' dir='ltr'>omne</span> <span class='ocrx_word' id='word_1_96' title='bbox 1073 1503 1201 1585; x_wconf 69' lang='lat' dir='ltr'>tempus</span> <span class='ocrx_word' id='word_1_97' title='bbox 1214 1502 1361 1583; x_wconf 79' lang='lat' dir='ltr'>poter-</span> 
     </span>
     <span class='ocr_line' id='line_1_13' title="bbox 258 1588 1362 1700; baseline -0.002 -36"><span class='ocrx_word' id='word_1_98' title='bbox 258 1588 431 1689; x_wconf 83' lang='lat' dir='ltr'>vultusque</span> <span class='ocrx_word' id='word_1_99' title='bbox 458 1606 492 1665; x_wconf 86' lang='lat' dir='ltr'>et</span> <span class='ocrx_word' id='word_1_100' title='bbox 519 1621 557 1668; x_wconf 86' lang='lat' dir='ltr'>os</span> <span class='ocrx_word' id='word_1_101' title='bbox 585 1597 654 1666; x_wconf 89' lang='lat' dir='ltr'>eius</span> <span class='ocrx_word' id='word_1_102' title='bbox 673 1637 722 1652; x_wconf 88' lang='lat'><em>-</em></span> <span class='ocrx_word' id='word_1_103' title='bbox 742 1599 927 1692; x_wconf 75' lang='lat' dir='ltr'>speeneulo</span> <span class='ocrx_word' id='word_1_104' title='bbox 960 1608 1047 1668; x_wconf 81' lang='lat' dir='ltr'>esset</span> <span class='ocrx_word' id='word_1_105' title='bbox 1074 1597 1240 1700; x_wconf 72' lang='lat' dir='ltr'>eminente¹</span> <span class='ocrx_word' id='word_1_106' title='bbox 1255 1595 1362 1664; x_wconf 82' lang='lat' dir='ltr'>animo</span> 
     </span>
     <span class='ocr_line' id='line_1_14' title="bbox 257 1701 1363 1794; baseline -0.002 -24"><span class='ocrx_word' id='word_1_107' title='bbox 257 1701 358 1794; x_wconf 70' lang='lat' dir='ltr'>podio</span> <span class='ocrx_word' id='word_1_108' title='bbox 379 1702 462 1770; x_wconf 81' lang='lat' dir='ltr'>inter</span> <span class='ocrx_word' id='word_1_109' title='bbox 481 1701 628 1792; x_wconf 75' lang='lat' dir='ltr'>publicae</span> <span class='ocrx_word' id='word_1_110' title='bbox 650 1727 775 1793; x_wconf 81' lang='lat' dir='ltr'>poenae</span> <span class='ocrx_word' id='word_1_111' title='bbox 789 1703 1012 1774; x_wconf 72' lang='lat' dir='ltr'>ministerium</span> <span class='ocrx_word' id='word_1_112' title='bbox 1023 1702 1200 1772; x_wconf 86' lang='lat' dir='ltr'>seeundum</span> <span class='ocrx_word' id='word_1_113' title='bbox 1222 1725 1363 1793; x_wconf 84' lang='lat' dir='ltr'>poenam</span> 
     </span>
     <span class='ocr_line' id='line_1_15' title="bbox 256 1807 1362 1899; baseline 0 -25"><span class='ocrx_word' id='word_1_114' title='bbox 256 1807 442 1876; x_wconf 82' lang='lat' dir='ltr'>nocentium</span> <span class='ocrx_word' id='word_1_115' title='bbox 462 1817 500 1874; x_wconf 78' lang='lat' dir='ltr'>ut</span> <span class='ocrx_word' id='word_1_116' title='bbox 518 1808 552 1874; x_wconf 88' lang='lat' dir='ltr'>in</span> <span class='ocrx_word' id='word_1_117' title='bbox 573 1817 741 1898; x_wconf 82' lang='lat' dir='ltr'>utramque</span> <span class='ocrx_word' id='word_1_118' title='bbox 764 1819 888 1899; x_wconf 85' lang='lat' dir='ltr'>portem</span> <span class='ocrx_word' id='word_1_119' title='bbox 902 1807 1046 1876; x_wconf 84' lang='lat' dir='ltr'>arcendis</span> <span class='ocrx_word' id='word_1_120' title='bbox 1061 1807 1234 1889; x_wconf 73' lang='lat' dir='ltr'>sceleribus</span> <span class='ocrx_word' id='word_1_121' title='bbox 1256 1831 1362 1876; x_wconf 80' lang='lat' dir='ltr'>exem</span> 
     </span>
     <span class='ocr_line' id='line_1_16' title="bbox 207 1909 1362 2003; baseline 0 -25"><span class='ocrx_word' id='word_1_122' title='bbox 207 1910 349 2001; x_wconf 77' lang='lat' dir='ltr'>·15plum</span> <span class='ocrx_word' id='word_1_123' title='bbox 369 1909 478 1980; x_wconf 88' lang='lat' dir='ltr'>nobile</span> <span class='ocrx_word' id='word_1_124' title='bbox 500 1921 594 1993; x_wconf 75' lang='lat' dir='ltr'>esset,</span> <span class='ocrx_word' id='word_1_125' title='bbox 615 1911 793 2001; x_wconf 83' lang='lat' dir='ltr'>proemium</span> <span class='ocrx_word' id='word_1_126' title='bbox 814 1913 909 1980; x_wconf 75' lang='lat' dir='ltr'>iudici</span> <span class='ocrx_word' id='word_1_127' title='bbox 929 1912 1065 2003; x_wconf 78' lang='lat' dir='ltr'>pemmio</span> <span class='ocrx_word' id='word_1_128' title='bbox 1079 1937 1122 1982; x_wconf 85' lang='lat' dir='ltr'>ex</span> <span class='ocrx_word' id='word_1_129' title='bbox 1135 1913 1256 1980; x_wconf 76' lang='lat' dir='ltr'>aerario</span> <span class='ocrx_word' id='word_1_130' title='bbox 1272 1913 1362 1978; x_wconf 90' lang='lat' dir='ltr'>liber-</span> 
     </span>
     <span class='ocr_line' id='line_1_17' title="bbox 257 2012 1361 2108; baseline 0 -28"><span class='ocrx_word' id='word_1_131' title='bbox 257 2023 307 2080; x_wconf 82' lang='lat' dir='ltr'>tos</span> <span class='ocrx_word' id='word_1_132' title='bbox 336 2024 370 2082; x_wconf 82' lang='lat' dir='ltr'>et</span> <span class='ocrx_word' id='word_1_133' title='bbox 397 2012 508 2082; x_wconf 72' lang='lat' dir='ltr'>civitas</span> <span class='ocrx_word' id='word_1_134' title='bbox 535 2013 619 2086; x_wconf 79' lang='lat' dir='ltr'>doto.</span> <span class='ocrx_word' id='word_1_135' title='bbox 647 2013 702 2082; x_wconf 89' lang='lat' dir='ltr'>ille</span> <span class='ocrx_word' id='word_1_136' title='bbox 728 2015 867 2108; x_wconf 68' lang='lat' dir='ltr'>primun</span> <span class='ocrx_word' id='word_1_137' title='bbox 895 2016 1007 2086; x_wconf 80' lang='lat' dir='ltr'>diciou</span> <span class='ocrx_word' id='word_1_138' title='bbox 1037 2017 1175 2086; x_wconf 76' lang='lat' dir='ltr'>vindico</span> <span class='ocrx_word' id='word_1_139' title='bbox 1201 2017 1361 2086; x_wconf 80' lang='lat' dir='ltr'>liberatus.</span> 
     </span>
     <span class='ocr_line' id='line_1_18' title="bbox 258 2116 1359 2214; baseline -0.001 -30"><span class='ocrx_word' id='word_1_140' title='bbox 258 2117 388 2204; x_wconf 80' lang='lat' dir='ltr'>quidam</span> <span class='ocrx_word' id='word_1_141' title='bbox 414 2116 573 2186; x_wconf 72' lang='lat' dir='ltr'>vindictae</span> <span class='ocrx_word' id='word_1_142' title='bbox 600 2142 731 2210; x_wconf 90' lang='lat' dir='ltr'>quoque</span> <span class='ocrx_word' id='word_1_143' title='bbox 757 2145 878 2192; x_wconf 88' lang='lat' dir='ltr'>nomen</span> <span class='ocrx_word' id='word_1_144' title='bbox 911 2133 1049 2190; x_wconf 75' lang='lat' dir='ltr'>uacuum</span> <span class='ocrx_word' id='word_1_145' title='bbox 1075 2123 1115 2202; x_wconf 85' lang='lat' dir='ltr'>ob</span> <span class='ocrx_word' id='word_1_146' title='bbox 1141 2122 1198 2190; x_wconf 92' lang='lat' dir='ltr'>illo</span> <span class='ocrx_word' id='word_1_147' title='bbox 1231 2131 1359 2214; x_wconf 78' lang='lat' dir='ltr'>putant:</span> 
     </span>
     <span class='ocr_line' id='line_1_19' title="bbox 260 2217 1359 2316; baseline 0.009 -32"><span class='ocrx_word' id='word_1_148' title='bbox 260 2217 405 2298; x_wconf 81' lang='lat' dir='ltr'>Vindicio</span> <span class='ocrx_word' id='word_1_149' title='bbox 427 2221 489 2310; x_wconf 87' lang='lat' dir='ltr'>ipsi</span> <span class='ocrx_word' id='word_1_150' title='bbox 509 2247 629 2292; x_wconf 87' lang='lat' dir='ltr'>nomen</span> <span class='ocrx_word' id='word_1_151' title='bbox 650 2224 759 2292; x_wconf 86' lang='lat' dir='ltr'>luisse.</span> <span class='ocrx_word' id='word_1_152' title='bbox 787 2237 863 2316; x_wconf 85' lang='lat' dir='ltr'>post</span> <span class='ocrx_word' id='word_1_153' title='bbox 890 2225 982 2294; x_wconf 86' lang='lat' dir='ltr'>illurn</span> <span class='ocrx_word' id='word_1_154' title='bbox 1010 2228 1216 2298; x_wconf 81' lang='lat' dir='ltr'>observomm</span> <span class='ocrx_word' id='word_1_155' title='bbox 1243 2235 1279 2294; x_wconf 83' lang='lat' dir='ltr'>ut</span> <span class='ocrx_word' id='word_1_156' title='bbox 1308 2223 1359 2316; x_wconf 82' lang='lat' dir='ltr'>qui</span> 
     </span>
    </p>
   </div>
   <div class='ocr_carea' id='block_1_3' title="bbox 168 2320 1404 2841">
    <p class='ocr_par' dir='ltr' id='par_1_3' title="bbox 168 2320 1404 2841">
     <span class='ocr_line' id='line_1_20' title="bbox 259 2320 1177 2420; baseline 0.01 -31"><span class='ocrx_word' id='word_1_157' title='bbox 259 2320 311 2419; x_wconf 16' lang='lat' dir='ltr'>ile*</span> <span class='ocrx_word' id='word_1_158' title='bbox 324 2322 448 2392; x_wconf 82' lang='lat' dir='ltr'>liberati</span> <span class='ocrx_word' id='word_1_159' title='bbox 469 2337 584 2410; x_wconf 82' lang='lat' dir='ltr'>essent,</span> <span class='ocrx_word' id='word_1_160' title='bbox 605 2328 639 2394; x_wconf 86' lang='lat' dir='ltr'>in</span> <span class='ocrx_word' id='word_1_161' title='bbox 661 2328 821 2396; x_wconf 67' lang='lat' dir='ltr'>nouom</span> <span class='ocrx_word' id='word_1_162' title='bbox 843 2329 966 2420; x_wconf 77' lang='lat' dir='ltr'>accepti</span> <span class='ocrx_word' id='word_1_163' title='bbox 987 2331 1177 2398; x_wconf 82' lang='lat' dir='ltr'>viderentur.</span> 
     </span>
     <span class='ocr_line' id='line_1_21' title="bbox 213 2427 1358 2524; baseline 0.003 -29"><span class='ocrx_word' id='word_1_164' title='bbox 213 2430 250 2486; x_wconf 74' lang='lat'>2⁰</span> <span class='ocrx_word' id='word_1_165' title='bbox 349 2427 404 2496; x_wconf 91' lang='lat' dir='ltr'>Vl.</span> <span class='ocrx_word' id='word_1_166' title='bbox 436 2429 495 2497; x_wconf 88' lang='lat' dir='ltr'>His</span> <span class='ocrx_word' id='word_1_167' title='bbox 517 2430 600 2498; x_wconf 85' lang='lat' dir='ltr'>sieut</span> <span class='ocrx_word' id='word_1_168' title='bbox 620 2443 805 2501; x_wconf 74' lang='lat' dir='ltr'>uoluerant</span> <span class='ocrx_word' id='word_1_169' title='bbox 827 2435 977 2504; x_wconf 70' lang='lat' dir='ltr'>nuntietis</span> <span class='ocrx_word' id='word_1_170' title='bbox 998 2436 1147 2505; x_wconf 83' lang='lat' dir='ltr'>incensus</span> <span class='ocrx_word' id='word_1_171' title='bbox 1169 2433 1358 2524; x_wconf 80' lang='lat' dir='ltr'>&#39;larquiniuo</span> 
     </span>
     <span class='ocr_line' id='line_1_22' title="bbox 168 2533 1404 2632; baseline 0.005 -36"><span class='ocrx_word' id='word_1_172' title='bbox 168 2541 194 2596; x_wconf 77' lang='lat'>,¹</span> <span class='ocrx_word' id='word_1_173' title='bbox 259 2555 327 2601; x_wconf 91' lang='lat' dir='ltr'>non</span> <span class='ocrx_word' id='word_1_174' title='bbox 349 2533 460 2602; x_wconf 89' lang='lat' dir='ltr'>dolore</span> <span class='ocrx_word' id='word_1_175' title='bbox 481 2535 589 2603; x_wconf 90' lang='lat' dir='ltr'>solum</span> <span class='ocrx_word' id='word_1_176' title='bbox 609 2547 716 2608; x_wconf 73' lang='lat' dir='ltr'>notae</span> <span class='ocrx_word' id='word_1_177' title='bbox 740 2539 781 2606; x_wconf 85' lang='lat' dir='ltr'>ad</span> <span class='ocrx_word' id='word_1_178' title='bbox 801 2539 937 2608; x_wconf 77' lang='lat' dir='ltr'>inritum&#39;</span> <span class='ocrx_word' id='word_1_179' title='bbox 953 2539 1093 2614; x_wconf 83' lang='lat' dir='ltr'>cadentis</span> <span class='ocrx_word' id='word_1_180' title='bbox 1107 2540 1177 2632; x_wconf 90' lang='lat' dir='ltr'>spei</span> <span class='ocrx_word' id='word_1_181' title='bbox 1191 2538 1249 2606; x_wconf 89' lang='lat' dir='ltr'>sed</span> <span class='ocrx_word' id='word_1_182' title='bbox 1265 2538 1359 2606; x_wconf 79' lang='lat' dir='ltr'>etium</span> <span class='ocrx_word' id='word_1_183' title='bbox 1403 2549 1404 2552; x_wconf 75' lang='grc'>’</span> 
     </span>
     <span class='ocr_line' id='line_1_23' title="bbox 260 2637 1361 2737; baseline 0.004 -33"><span class='ocrx_word' id='word_1_184' title='bbox 260 2637 335 2705; x_wconf 89' lang='lat' dir='ltr'>odio</span> <span class='ocrx_word' id='word_1_185' title='bbox 360 2638 470 2730; x_wconf 82' lang='lat' dir='ltr'>iraque</span> <span class='ocrx_word' id='word_1_186' title='bbox 498 2653 671 2734; x_wconf 78' lang='lat' dir='ltr'>postquem</span> <span class='ocrx_word' id='word_1_187' title='bbox 698 2644 775 2720; x_wconf 86' lang='lat' dir='ltr'>dolo</span> <span class='ocrx_word' id='word_1_188' title='bbox 803 2645 889 2712; x_wconf 84' lang='lat' dir='ltr'>viam</span> <span class='ocrx_word' id='word_1_189' title='bbox 916 2639 1086 2737; x_wconf 78' lang='lat' dir='ltr'>obseptam</span> <span class='ocrx_word' id='word_1_190' title='bbox 1113 2643 1205 2728; x_wconf 86' lang='lat' dir='ltr'>vidit,</span> <span class='ocrx_word' id='word_1_191' title='bbox 1240 2641 1361 2712; x_wconf 85' lang='lat' dir='ltr'>bellum</span> 
     </span>
     <span class='ocr_line' id='line_1_24' title="bbox 260 2745 1361 2841; baseline 0.003 -33"><span class='ocrx_word' id='word_1_192' title='bbox 260 2752 367 2832; x_wconf 80' lang='lat' dir='ltr'>aperte</span> <span class='ocrx_word' id='word_1_193' title='bbox 395 2745 593 2816; x_wconf 88' lang='lat' dir='ltr'>moliendum</span> <span class='ocrx_word' id='word_1_194' title='bbox 617 2760 704 2819; x_wconf 80' lang='lat' dir='ltr'>ratus</span> <span class='ocrx_word' id='word_1_195' title='bbox 733 2750 898 2820; x_wconf 82' lang='lat' dir='ltr'>circumire</span> <span class='ocrx_word' id='word_1_196' title='bbox 925 2750 1065 2841; x_wconf 85' lang='lat' dir='ltr'>supplex</span> <span class='ocrx_word' id='word_1_197' title='bbox 1085 2747 1230 2818; x_wconf 78' lang='lat' dir='ltr'>Etruriae</span> <span class='ocrx_word' id='word_1_198' title='bbox 1257 2746 1361 2825; x_wconf 83' lang='lat' dir='ltr'>urbes,</span> 
     </span>
    </p>
   </div>
   <div class='ocr_carea' id='block_1_4' title="bbox 262 2897 1386 4195">
    <p class='ocr_par' dir='ltr' id='par_1_4' title="bbox 277 2897 1361 3072">
     <span class='ocr_line' id='line_1_25' title="bbox 277 2897 1361 2982; baseline 0.002 -28"><span class='ocrx_word' id='word_1_199' title='bbox 277 2899 304 2959; x_wconf 79' lang='lat'>³.</span> <span class='ocrx_word' id='word_1_200' title='bbox 321 2899 552 2980; x_wconf 72' lang='lat' dir='ltr'>miserebatque.-</span> <span class='ocrx_word' id='word_1_201' title='bbox 572 2903 604 2965; x_wconf 86' lang='lat' dir='ltr'>P.</span> <span class='ocrx_word' id='word_1_202' title='bbox 622 2907 777 2964; x_wconf 80' lang='lat' dir='ltr'>miserebat·</span> <span class='ocrx_word' id='word_1_203' title='bbox 887 2918 891 2929; x_wconf 90' lang='grc'><em>“</em></span> <span class='ocrx_word' id='word_1_204' title='bbox 910 2903 1053 2982; x_wconf 79' lang='lat' dir='ltr'>Handlnng</span> <span class='ocrx_word' id='word_1_205' title='bbox 1071 2905 1120 2962; x_wconf 80' lang='lat' dir='ltr'>das</span> <span class='ocrx_word' id='word_1_206' title='bbox 1132 2900 1231 2959; x_wconf 76' lang='lat' dir='ltr'>Gellilsl</span> <span class='ocrx_word' id='word_1_207' title='bbox 1248 2901 1296 2957; x_wconf 86' lang='lat' dir='ltr'>des</span> <span class='ocrx_word' id='word_1_208' title='bbox 1308 2897 1361 2958; x_wconf 81' lang='lat' dir='ltr'>Ve-</span> 
     </span>
     <span class='ocr_line' id='line_1_26' title="bbox 323 2984 1361 3072; baseline 0.002 -32"><span class='ocrx_word' id='word_1_209' title='bbox 323 2984 521 3060; x_wconf 67' lang='lat' dir='ltr'>queribundi</span> <span class='ocrx_word' id='word_1_210' title='bbox 538 2993 779 3072; x_wconf 60' lang='lat' dir='ltr'>mnerabotqueg</span> <span class='ocrx_word' id='word_1_211' title='bbox 909 3001 963 3048; x_wconf 78' lang='lat' dir='ltr'>lers</span> <span class='ocrx_word' id='word_1_212' title='bbox 986 2992 1079 3049; x_wconf 85' lang='lat' dir='ltr'>werde</span> <span class='ocrx_word' id='word_1_213' title='bbox 1103 3012 1136 3050; x_wconf 83' lang='grc' dir='ltr'>ιιι</span> <span class='ocrx_word' id='word_1_214' title='bbox 1163 2989 1295 3047; x_wconf 87' lang='lat' dir='ltr'>erleuneu</span> <span class='ocrx_word' id='word_1_215' title='bbox 1316 3006 1361 3063; x_wconf 76' lang='lat' dir='ltr'>ge-</span> 
     </span>
    </p>

    <p class='ocr_par' dir='ltr' id='par_1_5' title="bbox 279 3069 1361 3311">
     <span class='ocr_line' id='line_1_27' title="bbox 279 3069 1226 3157; baseline 0.006 -31"><span class='ocrx_word' id='word_1_216' title='bbox 279 3069 306 3129; x_wconf 72' lang='lat' dir='ltr'>l.</span> <span class='ocrx_word' id='word_1_217' title='bbox 325 3090 383 3147; x_wconf 80' lang='lat' dir='ltr'>quo</span> <span class='ocrx_word' id='word_1_218' title='bbox 398 3093 497 3145; x_wconf 81' lang='lat' dir='ltr'>poeno</span> <span class='ocrx_word' id='word_1_219' title='bbox 508 3079 618 3133; x_wconf 82' lang='lat' dir='ltr'>meriti.-</span> <span class='ocrx_word' id='word_1_220' title='bbox 630 3077 660 3138; x_wconf 87' lang='lat' dir='ltr'>P.</span> <span class='ocrx_word' id='word_1_221' title='bbox 674 3089 700 3134; x_wconf 80' lang='lat' dir='ltr'>et</span> <span class='ocrx_word' id='word_1_222' title='bbox 711 3101 775 3157; x_wconf 82' lang='lat' dir='ltr'>pou·</span> <span class='ocrx_word' id='word_1_223' title='bbox 908 3077 1012 3150; x_wconf 88' lang='lat' dir='ltr'>ben.“)</span> <span class='ocrx_word' id='word_1_224' title='bbox 1223 3145 1226 3150; x_wconf 33' lang='grc'><strong>,</strong></span> 
     </span>
     <span class='ocr_line' id='line_1_28' title="bbox 323 3154 1361 3242; baseline 0.006 -28"><span class='ocrx_word' id='word_1_225' title='bbox 323 3154 351 3215; x_wconf 90' lang='lat' dir='ltr'>lo</span> <span class='ocrx_word' id='word_1_226' title='bbox 373 3168 438 3236; x_wconf 86' lang='lat' dir='ltr'>post</span> <span class='ocrx_word' id='word_1_227' title='bbox 461 3161 482 3217; x_wconf 87' lang='lat' dir='ltr'><strong>P</strong></span> <span class='ocrx_word' id='word_1_228' title='bbox 506 3183 542 3242; x_wconf 74' lang='grc' dir='ltr'><strong>ιιι.</strong></span> <span class='ocrx_word' id='word_1_229' title='bbox 562 3164 602 3222; x_wconf 85' lang='lat'>1.:</span> <span class='ocrx_word' id='word_1_230' title='bbox 627 3184 668 3220; x_wconf 78' lang='lat' dir='ltr'>ee·</span> <span class='ocrx_word' id='word_1_231' title='bbox 686 3165 775 3222; x_wconf 84' lang='lat' dir='ltr'>domo</span> <span class='ocrx_word' id='word_1_232' title='bbox 847 3164 890 3221; x_wconf 88' lang='lat'>15.</span> <span class='ocrx_word' id='word_1_233' title='bbox 906 3166 1035 3240; x_wconf 59' lang='lat' dir='ltr'>pecuniis</span> <span class='ocrx_word' id='word_1_234' title='bbox 1052 3185 1108 3220; x_wconf 74' lang='lat' dir='ltr'>ex:</span> <span class='ocrx_word' id='word_1_235' title='bbox 1127 3163 1149 3220; x_wconf 86' lang='lat' dir='ltr'><strong>P</strong></span> <span class='ocrx_word' id='word_1_236' title='bbox 1166 3183 1202 3222; x_wconf 89' lang='lat' dir='ltr'>m.</span> <span class='ocrx_word' id='word_1_237' title='bbox 1220 3165 1246 3221; x_wconf 72' lang='lat'>2.</span> <span class='ocrx_word' id='word_1_238' title='bbox 1262 3159 1297 3220; x_wconf 98' lang='grc' dir='ltr'>Μ.</span> <span class='ocrx_word' id='word_1_239' title='bbox 1310 3182 1361 3237; x_wconf 85' lang='lat' dir='ltr'>pe·</span> 
     </span>
     <span class='ocr_line' id='line_1_29' title="bbox 323 3246 1202 3311; baseline 0.009 -10"><span class='ocrx_word' id='word_1_240' title='bbox 323 3246 423 3305; x_wconf 82' lang='lat' dir='ltr'>ianua.</span> <span class='ocrx_word' id='word_1_241' title='bbox 436 3267 471 3307; x_wconf 90' lang='lat' dir='ltr'>m.</span> <span class='ocrx_word' id='word_1_242' title='bbox 484 3249 524 3308; x_wconf 63' lang='lat'>2:</span> <span class='ocrx_word' id='word_1_243' title='bbox 534 3271 575 3307; x_wconf 80' lang='lat' dir='ltr'>ex</span> <span class='ocrx_word' id='word_1_244' title='bbox 582 3250 671 3308; x_wconf 86' lang='lat' dir='ltr'>domo</span> <span class='ocrx_word' id='word_1_245' title='bbox 684 3253 775 3311; x_wconf 80' lang='lat' dir='ltr'>iunio.</span> <span class='ocrx_word' id='word_1_246' title='bbox 907 3250 993 3306; x_wconf 73' lang='lat' dir='ltr'>conio</span> <span class='ocrx_word' id='word_1_247' title='bbox 1010 3271 1064 3308; x_wconf 78' lang='lat' dir='ltr'>ex:</span> <span class='ocrx_word' id='word_1_248' title='bbox 1082 3250 1105 3308; x_wconf 84' lang='grc' dir='ltr'>Ρ</span> <span class='ocrx_word' id='word_1_249' title='bbox 1122 3271 1158 3310; x_wconf 90' lang='lat' dir='ltr'>m.</span> <span class='ocrx_word' id='word_1_250' title='bbox 1178 3253 1202 3310; x_wconf 88' lang='lat'>1.</span> 
     </span>
    </p>

    <p class='ocr_par' dir='ltr' id='par_1_6' title="bbox 277 3333 1362 3675">
     <span class='ocr_line' id='line_1_30' title="bbox 277 3333 1362 3414; baseline 0.006 -27"><span class='ocrx_word' id='word_1_251' title='bbox 277 3333 304 3392; x_wconf 89' lang='grc'>7.</span> <span class='ocrx_word' id='word_1_252' title='bbox 323 3334 475 3412; x_wconf 81' lang='lat' dir='ltr'>quidquid</span> <span class='ocrx_word' id='word_1_253' title='bbox 517 3338 641 3395; x_wconf 80' lang='lat' dir='ltr'>deorum</span> <span class='ocrx_word' id='word_1_254' title='bbox 682 3339 776 3396; x_wconf 81' lang='lat' dir='ltr'>homi·</span> <span class='ocrx_word' id='word_1_255' title='bbox 845 3339 889 3398; x_wconf 83' lang='lat'>17.</span> <span class='ocrx_word' id='word_1_256' title='bbox 909 3337 1032 3414; x_wconf 81' lang='lat' dir='ltr'>quidam</span> <span class='ocrx_word' id='word_1_257' title='bbox 1061 3340 1214 3398; x_wconf 79' lang='lat' dir='ltr'>uindictae.</span> <span class='ocrx_word' id='word_1_258' title='bbox 1247 3368 1282 3379; x_wconf 94' lang='lat'>-</span> <span class='ocrx_word' id='word_1_259' title='bbox 1310 3335 1362 3406; x_wconf 85' lang='grc' dir='ltr'>ΡΜ</span> 
     </span>
     <span class='ocr_line' id='line_1_31' title="bbox 322 3423 1322 3504; baseline 0.007 -28"><span class='ocrx_word' id='word_1_260' title='bbox 322 3439 422 3500; x_wconf 76' lang='lat' dir='ltr'>namq.</span> <span class='ocrx_word' id='word_1_261' title='bbox 452 3445 643 3484; x_wconf 79' lang='lat' dir='ltr'>romanorum</span> <span class='ocrx_word' id='word_1_262' title='bbox 679 3435 775 3485; x_wconf 78' lang='lat' dir='ltr'>essct:</span> <span class='ocrx_word' id='word_1_263' title='bbox 906 3423 982 3489; x_wconf 80' lang='lat' dir='ltr'>Harl.</span> <span class='ocrx_word' id='word_1_264' title='bbox 998 3445 1032 3485; x_wconf 76' lang='grc' dir='ltr'>ιι</span> <span class='ocrx_word' id='word_1_265' title='bbox 1051 3426 1160 3504; x_wconf 78' lang='lat' dir='ltr'>quidem</span> <span class='ocrx_word' id='word_1_266' title='bbox 1178 3424 1322 3484; x_wconf 80' lang='lat' dir='ltr'>uindiciae.</span> 
     </span>
     <span class='ocr_line' id='line_1_32' title="bbox 320 3504 1309 3592; baseline -0.002 -22"><span class='ocrx_word' id='word_1_267' title='bbox 320 3504 377 3564; x_wconf 80' lang='grc' dir='ltr'>ΡΜ.</span> <span class='ocrx_word' id='word_1_268' title='bbox 396 3508 435 3579; x_wconf 87' lang='grc' dir='ltr'>(Ρ</span> <span class='ocrx_word' id='word_1_269' title='bbox 445 3529 481 3568; x_wconf 89' lang='grc' dir='ltr'><strong>ιιι.</strong></span> <span class='ocrx_word' id='word_1_270' title='bbox 494 3515 531 3572; x_wconf 84' lang='grc' dir='ltr'>1.ι</span> <span class='ocrx_word' id='word_1_271' title='bbox 551 3513 674 3592; x_wconf 79' lang='lat' dir='ltr'>quiquid.</span> <span class='ocrx_word' id='word_1_272' title='bbox 691 3535 728 3574; x_wconf 87' lang='grc' dir='ltr'><strong>ιιι.</strong></span> <span class='ocrx_word' id='word_1_273' title='bbox 740 3517 766 3573; x_wconf 69' lang='lat' dir='ltr'>d.</span> <span class='ocrx_word' id='word_1_274' title='bbox 846 3513 890 3571; x_wconf 78' lang='lat'>1⁸.</span> <span class='ocrx_word' id='word_1_275' title='bbox 909 3513 1098 3571; x_wconf 66' lang='lat' dir='ltr'>obseruatum</span> <span class='ocrx_word' id='word_1_276' title='bbox 1115 3521 1148 3568; x_wconf 83' lang='lat' dir='ltr'>ut</span> <span class='ocrx_word' id='word_1_277' title='bbox 1167 3513 1233 3588; x_wconf 84' lang='lat' dir='ltr'>qni:</span> <span class='ocrx_word' id='word_1_278' title='bbox 1251 3509 1309 3568; x_wconf 90' lang='grc' dir='ltr'>ΡΜ.</span> 
     </span>
     <span class='ocr_line' id='line_1_33' title="bbox 322 3587 1361 3675; baseline 0.002 -25"><span class='ocrx_word' id='word_1_279' title='bbox 322 3595 475 3672; x_wconf 86' lang='lat' dir='ltr'>quiequid.)</span> <span class='ocrx_word' id='word_1_280' title='bbox 814 3644 818 3652; x_wconf 95' lang='lat'>.</span> <span class='ocrx_word' id='word_1_281' title='bbox 847 3601 891 3659; x_wconf 86' lang='grc'>19.</span> <span class='ocrx_word' id='word_1_282' title='bbox 910 3602 1035 3675; x_wconf 78' lang='lat' dir='ltr'>accepti.-</span> <span class='ocrx_word' id='word_1_283' title='bbox 1054 3587 1361 3670; x_wconf 71' lang='lat' dir='ltr'>l&#39;m.¹l.l1.acceple:</span> 
     </span>
    </p>

    <p class='ocr_par' dir='ltr' id='par_1_7' title="bbox 262 3679 1386 4195">
     <span class='ocr_line' id='line_1_34' title="bbox 262 3679 1157 3761; baseline 0.009 -29"><span class='ocrx_word' id='word_1_284' title='bbox 262 3679 306 3738; x_wconf 70' lang='lat'>12.</span> <span class='ocrx_word' id='word_1_285' title='bbox 323 3683 465 3737; x_wconf 81' lang='lat' dir='ltr'>eminente</span> <span class='ocrx_word' id='word_1_286' title='bbox 482 3687 579 3744; x_wconf 80' lang='lat' dir='ltr'>animo</span> <span class='ocrx_word' id='word_1_287' title='bbox 590 3691 706 3761; x_wconf 82' lang='lat' dir='ltr'>patrio:</span> <span class='ocrx_word' id='word_1_288' title='bbox 716 3687 776 3749; x_wconf 89' lang='grc' dir='ltr'>ΡΜ.</span> <span class='ocrx_word' id='word_1_289' title='bbox 909 3686 931 3743; x_wconf 85' lang='grc' dir='ltr'><strong>Ρ</strong></span> <span class='ocrx_word' id='word_1_290' title='bbox 948 3706 984 3745; x_wconf 87' lang='grc' dir='ltr'><strong>ιιι.</strong></span> <span class='ocrx_word' id='word_1_291' title='bbox 1003 3689 1029 3744; x_wconf 92' lang='grc'>1.</span> <span class='ocrx_word' id='word_1_292' title='bbox 1155 3701 1157 3706; x_wconf 93' lang='grc'><strong><em>·</em></strong></span> 
     </span>
     <span class='ocr_line' id='line_1_35' title="bbox 321 3765 1360 3837; baseline 0.006 -15"><span class='ocrx_word' id='word_1_293' title='bbox 321 3769 511 3837; x_wconf 76' lang='lat' dir='ltr'>(eminentem</span> <span class='ocrx_word' id='word_1_294' title='bbox 533 3793 600 3830; x_wconf 78' lang='lat' dir='ltr'>esee</span> <span class='ocrx_word' id='word_1_295' title='bbox 622 3775 648 3834; x_wconf 91' lang='lat' dir='ltr'>b.</span> <span class='ocrx_word' id='word_1_296' title='bbox 667 3796 690 3833; x_wconf 87' lang='lat' dir='ltr'>e.</span> <span class='ocrx_word' id='word_1_297' title='bbox 709 3776 774 3832; x_wconf 84' lang='lat' dir='ltr'>insi·</span> <span class='ocrx_word' id='word_1_298' title='bbox 845 3775 889 3832; x_wconf 74' lang='grc' dir='ltr'>Μ).</span> <span class='ocrx_word' id='word_1_299' title='bbox 908 3774 1064 3829; x_wconf 64' lang='lat' dir='ltr'>incensus.-</span> <span class='ocrx_word' id='word_1_300' title='bbox 1081 3765 1105 3823; x_wconf 87' lang='lat' dir='ltr'><strong>P</strong></span> <span class='ocrx_word' id='word_1_301' title='bbox 1122 3787 1159 3826; x_wconf 88' lang='lat' dir='ltr'>m.</span> <span class='ocrx_word' id='word_1_302' title='bbox 1177 3768 1202 3827; x_wconf 82' lang='lat'>2.</span> <span class='ocrx_word' id='word_1_303' title='bbox 1214 3765 1250 3826; x_wconf 92' lang='grc' dir='ltr'>Μ.</span> <span class='ocrx_word' id='word_1_304' title='bbox 1269 3771 1360 3828; x_wconf 84' lang='lat' dir='ltr'>ineen-</span> 
     </span>
     <span class='ocr_line' id='line_1_36' title="bbox 321 3855 1105 3930; baseline 0.004 -20"><span class='ocrx_word' id='word_1_305' title='bbox 321 3872 400 3930; x_wconf 67' lang='grc' dir='ltr'>μου</span> <span class='ocrx_word' id='word_1_306' title='bbox 418 3873 478 3911; x_wconf 88' lang='lat' dir='ltr'>esse</span> <span class='ocrx_word' id='word_1_307' title='bbox 495 3857 566 3914; x_wconf 76' lang='lat' dir='ltr'>inber</span> <span class='ocrx_word' id='word_1_308' title='bbox 578 3869 690 3924; x_wconf 82' lang='lat' dir='ltr'>eeteros.</span> <span class='ocrx_word' id='word_1_309' title='bbox 704 3859 737 3918; x_wconf 86' lang='lat' dir='ltr'>cl.</span> <span class='ocrx_word' id='word_1_310' title='bbox 748 3859 775 3930; x_wconf 66' lang='lat'>2,</span> <span class='ocrx_word' id='word_1_311' title='bbox 907 3867 967 3915; x_wconf 79' lang='lat' dir='ltr'>tos:</span> <span class='ocrx_word' id='word_1_312' title='bbox 985 3855 1007 3912; x_wconf 90' lang='lat' dir='ltr'>P</span> <span class='ocrx_word' id='word_1_313' title='bbox 1024 3875 1061 3913; x_wconf 89' lang='lat' dir='ltr'>m.</span> <span class='ocrx_word' id='word_1_314' title='bbox 1080 3855 1105 3913; x_wconf 90' lang='lat'>1.</span> 
     </span>
     <span class='ocr_line' id='line_1_37' title="bbox 322 3939 1362 4012; baseline 0.001 -14"><span class='ocrx_word' id='word_1_315' title='bbox 322 3945 371 3998; x_wconf 87' lang='grc' dir='ltr'>1οι</span> <span class='ocrx_word' id='word_1_316' title='bbox 389 3941 503 4012; x_wconf 76' lang='lat' dir='ltr'>„iudom</span> <span class='ocrx_word' id='word_1_317' title='bbox 521 3944 565 4001; x_wconf 86' lang='lat' dir='ltr'>die</span> <span class='ocrx_word' id='word_1_318' title='bbox 576 3946 774 4004; x_wconf 78' lang='lat' dir='ltr'>Aufmerlsom·</span> <span class='ocrx_word' id='word_1_319' title='bbox 845 3948 889 4006; x_wconf 70' lang='lat'>21.</span> <span class='ocrx_word' id='word_1_320' title='bbox 907 3945 951 4001; x_wconf 81' lang='lat' dir='ltr'>ad</span> <span class='ocrx_word' id='word_1_321' title='bbox 967 3943 1105 4000; x_wconf 80' lang='lat' dir='ltr'>inritum:</span> <span class='ocrx_word' id='word_1_322' title='bbox 1117 3940 1146 4001; x_wconf 90' lang='lat' dir='ltr'>P.</span> <span class='ocrx_word' id='word_1_323' title='bbox 1161 3939 1196 4012; x_wconf 82' lang='lat' dir='ltr'>ad</span> <span class='ocrx_word' id='word_1_324' title='bbox 1212 3941 1320 4000; x_wconf 75' lang='lat' dir='ltr'>iritum:</span> <span class='ocrx_word' id='word_1_325' title='bbox 1333 3941 1362 3999; x_wconf 95' lang='grc' dir='ltr'><strong>Μ</strong></span> 
     </span>
     <span class='ocr_line' id='line_1_38' title="bbox 320 4025 1324 4110; baseline 0.003 -26"><span class='ocrx_word' id='word_1_326' title='bbox 320 4025 378 4085; x_wconf 77' lang='lat' dir='ltr'>leit</span> <span class='ocrx_word' id='word_1_327' title='bbox 412 4027 488 4087; x_wconf 82' lang='lat' dir='ltr'>Aller</span> <span class='ocrx_word' id='word_1_328' title='bbox 518 4030 617 4090; x_wconf 77' lang='lat' dir='ltr'>durani</span> <span class='ocrx_word' id='word_1_329' title='bbox 643 4033 775 4110; x_wconf 78' lang='lat' dir='ltr'>gericbtel</span> <span class='ocrx_word' id='word_1_330' title='bbox 906 4051 942 4091; x_wconf 87' lang='lat' dir='ltr'>m.</span> <span class='ocrx_word' id='word_1_331' title='bbox 962 4033 987 4090; x_wconf 90' lang='grc'>1.</span> <span class='ocrx_word' id='word_1_332' title='bbox 1006 4027 1040 4086; x_wconf 82' lang='lat' dir='ltr'>ed</span> <span class='ocrx_word' id='word_1_333' title='bbox 1057 4030 1179 4088; x_wconf 77' lang='lat' dir='ltr'>irritum:</span> <span class='ocrx_word' id='word_1_334' title='bbox 1197 4029 1224 4086; x_wconf 91' lang='grc' dir='ltr'><strong>Μ</strong></span> <span class='ocrx_word' id='word_1_335' title='bbox 1242 4050 1278 4086; x_wconf 90' lang='grc' dir='ltr'><strong>ιιι.</strong></span> <span class='ocrx_word' id='word_1_336' title='bbox 1298 4031 1324 4087; x_wconf 69' lang='lat'>2.</span> 
     </span>
     <span class='ocr_line' id='line_1_39' title="bbox 320 4112 1386 4195; baseline -0.001 -25"><span class='ocrx_word' id='word_1_337' title='bbox 320 4133 387 4184; x_wconf 76' lang='lat' dir='ltr'>nor,</span> <span class='ocrx_word' id='word_1_338' title='bbox 423 4119 477 4175; x_wconf 79' lang='lat' dir='ltr'>orie</span> <span class='ocrx_word' id='word_1_339' title='bbox 512 4118 571 4177; x_wconf 79' lang='lat' dir='ltr'>oieb</span> <span class='ocrx_word' id='word_1_340' title='bbox 607 4119 652 4179; x_wconf 88' lang='lat' dir='ltr'>bei</span> <span class='ocrx_word' id='word_1_341' title='bbox 684 4119 775 4178; x_wconf 86' lang='lat' dir='ltr'>dieser</span> <span class='ocrx_word' id='word_1_342' title='bbox 844 4121 889 4180; x_wconf 68' lang='grc' dir='ltr'>Μ.</span> <span class='ocrx_word' id='word_1_343' title='bbox 906 4115 978 4178; x_wconf 79' lang='lat' dir='ltr'>dolo</span> <span class='ocrx_word' id='word_1_344' title='bbox 996 4120 1080 4182; x_wconf 75' lang='lat' dir='ltr'>uiam,</span> <span class='ocrx_word' id='word_1_345' title='bbox 1095 4120 1261 4195; x_wconf 81' lang='lat' dir='ltr'>obseptam.-</span> <span class='ocrx_word' id='word_1_346' title='bbox 1282 4112 1386 4172; x_wconf 55' lang='lat' dir='ltr'>rme</span> 
     </span>
    </p>
   </div>
   <div class='ocr_carea' id='block_1_5' title="bbox 0 0 1437 4736">
    <p class='ocr_par' dir='ltr' id='par_1_8' title="bbox 0 0 1437 4736">
     <span class='ocr_line' id='line_1_40' title="bbox 0 0 1437 4736; baseline 0 0"><span class='ocrx_word' id='word_1_347' title='bbox 0 0 1437 4736; x_wconf 95' lang='lat' dir='ltr'> </span> 
     </span>
    </p>
   </div>
  </div>
 </body>
</html>
