2860 4736
118 172 125 188 ’
227 227 271 294 aa
703 229 851 302 unsar

228 400 339 492 sponsi
366 423 543 494 expersque
570 401 694 496 imperii
722 413 815 486 esset,
842 423 911 468 rern
932 421 1057 468 suanm
1078 421 1141 492 ope
1163 401 1266 468 taceri
1292 399 1346 482 iu,-

229 507 322 574 bent:
343 506 404 599 ipsi
422 507 506 575 inter
527 532 574 593 se,
595 519 674 588 utcu
688 507 774 598 prior
795 529 870 574 cum
890 505 1028 574 Romam
1049 503 1205 572 redissent
1233 507 1346 573 matri

231 612 378 688 osmrlum
400 612 498 698 daret,
519 611 598 681 sorti
620 613 816 706 permittunt
838 609 956 678 smus
983 608 1045 677 alio
1072 619 1159 676 ratus
1180 617 1345 702 spectare

232 715 396 808 Pythicam
416 739 533 785 vocem
554 716 644 785 velut
664 717 691 784 si
712 715 879 808 prolapsus
893 712 1067 798 cecidisset,
1080 725 1199 782 terram
1214 713 1344 812 osculo

201 822 370 912 aconngic
396 821 518 890 scilieet
545 821 638 912 quod
659 845 697 890 ea
725 818 904 890 comnrnnis
924 827 1027 888 mater
1048 818 1192 888 omnium
1212 829 1343 888 morta·

211 919 309 992 'bum
331 937 426 994 esset,
448 923 585 994 reditrnn
606 926 679 994 inde
700 926 848 1010 Romam,
869 921 925 990 ubi
947 922 1098 992 adverms
1112 922 1252 992 Rutulos
1266 922 1341 990 bei-

111 1021 116 1030 ’
231 1028 299 1096 lum
320 1053 446 1098 nnrnna
467 1031 500 1099 vi
521 1031 700 1123 parabatur.

313 1135 416 1203 LVII.
460 1135 599 1204 ſtrdeam
620 1127 730 1204 Runli
750 1131 922 1215 habebant,
943 1155 1020 1222 gens
1041 1141 1079 1200 ut
1098 1129 1132 1198 in
1149 1154 1187 1198 ea
1200 1129 1339 1220 regione

232 1247 330 1329 atque
357 1238 391 1306 in
418 1263 457 1307 ea
483 1251 586 1307 aetate
612 1238 726 1306 divitiis
759 1235 972 1330 praepollens.
1007 1259 1110 1326 eaque
1137 1234 1207 1326 ipsa
1235 1257 1337 1303 causa

187 1349 222 1402 10
234 1339 310 1408 belli
331 1341 400 1425 init,
422 1343 511 1433 quod
531 1369 590 1412 rex
611 1344 775 1412 Romanus
797 1340 955 1432 cumipse
973 1341 1065 1408 ditari
1078 1339 1253 1410 exbausnrs
1267 1365 1336 1408 ma-
1412 1347 1413 1386 ¹

181 1471 187 1486 ‘
234 1445 413 1534 gnificentia
435 1449 637 1539 publicanum
668 1468 812 1539 operum,
839 1457 908 1514 tum
930 1445 1047 1537 praeda
1070 1443 1209 1512 delenire
1230 1453 1336 1536 popu·

234 1547 346 1616 larium
369 1551 491 1621 animos
512 1553 671 1636 studebat,
691 1559 818 1643 praeter
847 1549 941 1620 aliam
965 1547 1148 1640 snperbiam
1167 1571 1267 1638 regno
1288 1549 1335 1616 in·

234 1652 333 1722 [estes
357 1657 455 1724 etiam
476 1657 564 1749 qnod
585 1679 621 1724 se
642 1657 676 1726 in
697 1655 861 1724 [abromm
880 1653 1056 1721 ministerio
1079 1677 1116 1720 ac
1137 1652 1244 1720 servili
1264 1664 1335 1720 tarn

232 1757 288 1824 diu
309 1759 435 1829 habitos
458 1785 556 1852 opere
579 1761 619 1828 ab
641 1784 716 1850 rege
743 1759 996 1850 ndignabmun.
1024 1766 1179 1848 temptata
1205 1781 1257 1825 res
1284 1769 1335 1824 est

188 1869 223 1922 15
231 1861 262 1928 si
281 1863 384 1953 primo
406 1866 530 1956 impetu
548 1865 624 1956 capi
643 1863 750 1931 Ardea
771 1875 891 1954 posset
913 1863 969 1930 ubi
989 1862 1023 1928 id
1041 1885 1155 1952 panum
1168 1863 1333 1954 processit,
1384 1939 1389 1958 Ι

233 1965 399 2036 obsidione
421 1968 712 2056 munitionibusque
733 1965 841 2058 coepti
858 1965 964 2056 premi
985 1964 1107 2068 bostes.
1134 1967 1168 2034 in
1195 1967 1245 2036 his
1270 1979 1332 2035 sta-

190 2137 194 2154 ι
234 2068 306 2135 tivis
327 2106 372 2122 --
394 2081 431 2138 nt
452 2071 490 2140 fit
515 2071 612 2162 longo
640 2070 742 2161 magis
769 2093 868 2162 quarn
887 2070 953 2138 acri
972 2069 1059 2138 bello
1081 2111 1127 2122 -
1147 2072 1223 2156 satis
1243 2071 1333 2146 liberi

234 2185 434 2241 commeatus
454 2186 555 2270 lerant,
577 2176 766 2266 prirnoribus
788 2185 897 2242 tamen
919 2175 1018 2265 magis
1047 2198 1146 2266 quarn
1171 2175 1330 2243 militibus.

234 2277 312 2366 regii
333 2278 464 2370 quidem
486 2279 619 2346 iuvenes
641 2269 800 2348 interdum
823 2278 924 2347 otium
952 2279 1104 2348 conviviis
1126 2281 1332 2348 comisationi-

186 2380 360 2472 subusque
378 2381 470 2452 «inter
496 2405 531 2452 se
561 2383 716 2452 terebant,
744 2384 826 2452 forte
855 2384 1039 2474 potantibus
1065 2383 1115 2452 bis
1143 2385 1230 2478 apud
1255 2383 1331 2474 Ser.

235 2484 460 2576 Tarquinium,
491 2488 548 2554 nbi
575 2500 609 2557 et
636 2489 823 2567 Conlatinus
851 2489 986 2557 cenabat
1012 2487 1202 2582 Tarquinius
1229 2489 1331 2580 Egerii

233 2588 327 2674 filins,
349 2590 460 2659 incidit
481 2592 520 2660 de
542 2593 695 2662 uxoribus
718 2593 848 2662 mentio.
871 2617 963 2660 snam
986 2594 1121 2686 quisque
1135 2594 1262 2662 laudare
1275 2595 1330 2664 rni-

297 2767 345 2834 nii,
363 2775 394 2824 ut
405 2766 512 2836 Sextus,
531 2771 578 2846 qui
590 2767 693 2826 Romae
709 2790 750 2826 re·
823 2771 864 2828 16.
884 2771 915 2825 iu
933 2769 996 2826 his:
1014 2768 1087 2842 ΡΜ]
1105 2771 1134 2827 in
1152 2771 1195 2830 iis.

297 2852 376 2910 lictus
395 2855 489 2924 fuerat,
505 2858 613 2930 ignarus
627 2858 749 2936 responsi
822 2859 864 2914 18.
882 2865 1069 2913 commeatus.
1088 2889 1122 2898 —
1146 2855 1184 2914 P:
1203 2876 1330 2916 cummen-

300 2956 424 3016 expersq(
441 2943 547 3016 imperii
567 2952 647 3001 esset.
883 2951 934 3000 tus.
952 2941 993 2998 bl:
1012 2941 1133 3002 comest.

257 3022 282 3080 Ρ.
300 3025 465 3090 redissent:
477 3025 552 3084 blm.
564 3029 590 3086 Ρ.
606 3029 750 3086 udisset:
821 3061 855 3072 -·-
879 3039 997 3094 ,somene
1015 3029 1072 3090 ΡΜ.
1274 3094 1275 3104 ,

297 3129 333 3169 m.
353 3113 378 3172 1.
394 3143 430 3156 -
448 3111 472 3167 P
488 3131 524 3171 nr.
544 3116 582 3172 1.:
600 3114 742 3175 reddisset.
823 3119 865 3175 19.
885 3113 1034 3176 interdum
1045 3119 1152 3175 otium:
1163 3116 1220 3178 ΡΜ.
1231 3107 1327 3177 -·Ῐ)ι-

257 3195 282 3254 d.
301 3197 383 3258 uelut
399 3199 442 3256 si.-
460 3197 517 3258 ΡΜ.
536 3199 751 3262 adnullatis.
883 3203 948 3260 kero
957 3206 1044 3280 magis
1051 3205 1220 3281 probabatur.
1228 3208 1328 3275 „inter-

240 3283 282 3341 10.
300 3287 446 3362 cumipse
464 3287 570 3345 ditari.-
587 3287 645 3348 ΡΜ.
774 3317 776 3329 ·
885 3291 956 3347 dum
974 3293 1063 3354 etium
1081 3294 1209 3350 utrumn·
1222 3293 1328 3352 sedboc

240 3371 282 3430 11.
301 3373 450 3430 delenire.-
473 3372 532 3432 ΡΜ
556 3375 634 3431 -P
657 3395 692 3435 nr.
710 3380 749 3436 1.:
782 3381 785 3388 '
881 3378 943 3436 loco
971 3379 1063 3438 libero
1090 3390 1252 3438 commeatu
1275 3399 1327 3439 non

221 3479 225 3488 ’
296 3463 496 3534 preparatorium.
881 3464 989 3524 licentia
1010 3466 1092 3526 modo
1115 3487 1149 3523 ex
1167 3469 1260 3524 castris
1276 3467 1327 3522 dis·

240 3545 282 3601 12.
300 3545 443 3615 infestos:
461 3547 510 3606 ΡΜ
527 3569 563 3608 nr.
577 3552 603 3610 Ρ.
621 3550 749 3608 infestus:
884 3554 1005 3624 cedendi,
1030 3555 1079 3611 sed
1097 3556 1177 3608 etiam
1197 3552 1327 3610 liberalior

301 3629 327 3686 Μ
345 3651 380 3691 m.
399 3637 425 3693 1.
883 3644 970 3700 victus
989 3639 1162 3715 significatur.

231 3717 284 3773 -13,
301 3719 480 3777 minuaris:
502 3722 531 3780 Μ
553 3724 616 3800 00·ᾶῖ
639 3723 750 3796 Rhen]
819 3750 856 3774 n-
882 3721 1324 3802 comisationibusque:Pincens-

91 3817 101 3846 κ
210 3800 217 3824 '
299 3805 464 3866 ministeriis.
534 3812 538 3820 '
881 3814 1143 3888 missationibusqne.

239 3891 439 3968 incomptam
461 3913 511 3952 reo
536 3905 581 3952 est
605 3899 634 3954 εἰ
653 3900 748 3973 primo
819 3902 863 3960 21.
883 3903 1073 3958 Conlatinus:
1091 3899 1159 3972 ΡΜ]
1172 3898 1322 3962 Collatinus.

160 3977 164 3990 '
297 3979 456 4053 harpa-Pii.
475 4009 510 4025 ·-·
527 3980 558 4038 Μ·
572 4003 607 4041 m.
625 3986 662 4042 l.:
679 3993 748 4042 tcm-
818 4019 854 4031 -
881 3989 993 4066 Egerii.
1011 4015 1045 4031 ··
1062 3985 1122 4045 PM:
1141 3991 1260 4067 aegaeriia

296 4075 357 4137 pta.
376 4087 411 4140 sq,
430 4071 469 4126 2:
488 4077 638 4144 temptata.
798 4091 802 4095 ·
