2802 4726
156 355 161 364 ἢ
221 263 286 333 470
582 338 586 348 ,
688 267 796 328 ornan
810 267 857 339 iv.

221 451 317 512 nante
347 437 461 505 deinde
490 460 526 504 se
554 435 680 502 fortuna
708 433 749 499 ad
777 453 907 499 cansam
928 431 1031 522 plebis
1064 435 1165 502 nuntii
1188 439 1337 522 veniunt,

222 567 329 616 arcem
359 541 593 610 Carventanam
621 537 748 628 dilapsis
771 536 817 632 *ad
845 531 997 628 praedam
1025 538 1177 608 militibus
1207 544 1265 632 qui
1300 545 1338 610 in

224 647 509 738 pracsidioeraut,
535 635 666 736 Aequos
693 641 865 712 interfectis
895 641 1005 732 paucis
1033 645 1219 714 custodibus
1250 650 1338 720 arcis

223 751 390 836 invasisse,
419 751 498 820 alios
520 757 718 817 recurrentes
740 746 773 812 in
796 770 903 814 arcem
924 745 1005 813 alios
1027 749 1172 839 palantes
1194 752 1227 818 in
1250 753 1339 844 agris

187 871 346 928 tcaesos.
388 880 426 924 ea
449 856 581 928 adversa
604 851 736 924 civitatis
758 876 810 920 res
832 851 915 922 vires
937 851 1123 924 tribuniciae
1139 857 1256 928 actioni
1279 860 1337 926 ad-

222 960 305 1028 iecit.
343 962 538 1054 nequiquam
560 957 645 1028 enim
665 956 812 1048 temptati
833 966 870 1023 ut
891 967 962 1024 tum
985 957 1123 1049 denique
1140 961 1336 1038 desisterent

222 1065 414 1156 inpediendo
438 1065 542 1148 bello,
568 1072 750 1153 postquami
762 1085 829 1130 non
851 1083 977 1130 cessere
999 1086 1061 1130 nec
1082 1065 1230 1154 publicae
1252 1079 1338 1135 tem·

223 1171 340 1262 pestati
361 1193 422 1238 nec
444 1191 521 1238 suae
543 1165 693 1250 invidiae,
721 1166 911 1256 pervincunt
932 1178 969 1234 ut
990 1179 1119 1236 senatus
1148 1169 1338 1240 consultum

222 1275 279 1342 fiat
299 1275 339 1342 de
361 1272 491 1344 tribunis
506 1271 643 1340 militum
657 1271 802 1338 creandis
823 1283 912 1344 certo
927 1283 1034 1341 tamen
1051 1275 1156 1364 paeto,
1179 1299 1220 1342 ne
1238 1275 1337 1342 cuius

180 1393 216 1454 10
226 1380 306 1449 ratio
328 1379 499 1447 haberetur
521 1376 577 1468 qui
591 1400 639 1450 ‘eo
662 1400 746 1448 anno
769 1376 914 1452 tribunus
936 1376 1037 1471 plebis
1053 1389 1142 1446 esset
1159 1401 1241 1446 neve
1256 1379 1340 1467 quis

224 1477 407 1559 reficeretur
433 1483 466 1556 in
493 1505 613 1559 annum
640 1480 785 1552 tribunus
813 1480 916 1572 plebis
939 1519 982 1539 -.-
1002 1481 1082 1550 baut
1106 1482 1201 1550 dubie
1222 1481 1340 1550 Icilios

224 1588 395 1660 denotante
416 1598 538 1671 senatu,
561 1609 644 1680 quos
665 1587 850 1660 mercedem
864 1587 1005 1660 seditiosi
1019 1587 1195 1660 tribunatus
1216 1597 1337 1676 petere

224 1689 424 1764 consulatum
457 1690 690 1760 insimulabant.
727 1703 797 1764 tum
829 1691 964 1762 dilectus
999 1692 1112 1784 baberi
1142 1691 1338 1782 bellumque

225 1797 368 1865 omnium
385 1797 532 1870 ordinum
547 1820 706 1872 consensu
720 1797 866 1890 apparari
879 1809 1042 1889 coeptum.
1069 1797 1219 1869 consules
1234 1796 1335 1868 ambo

178 1901 360 1992 represent
385 1903 449 1970 sint
469 1904 510 1971 ed
532 1926 639 1976 arcem
652 1900 887 1994 Caruentanam
910 1928 951 1972 an
973 1904 1053 1976 alter
1076 1904 1117 1972 ad
1135 1901 1263 1970 comitia
1277 1901 1336 1970 ha-

102 1998 107 2013 *
144 1997 169 2106 χ’
223 2005 326 2080 benda
349 2006 531 2092 substiterit,
552 2007 710 2100 incertum
732 2006 847 2099 diversi
869 2018 1017 2082 auctores
1034 2007 1164 2084 faciunt,
1199 2008 1253 2076 illa
1270 2029 1334 2096 pro

287 2136 393 2200 Laida.
411 2139 445 2199 al.
464 2169 498 2184 -
516 2138 620 2200 Contra
638 2141 665 2208 ⁴,
683 2141 741 2203 ana
872 2141 985 2200 uincent
1002 2147 1033 2199 nt
1050 2159 1072 2204 s.
1093 2145 1115 2198 b.
1137 2138 1193 2198 fiat.
1211 2144 1257 2206 tn
1269 2136 1335 2196 mel.

287 2224 552 2293 „elamorindicinm
563 2225 742 2304 primumluit
874 2226 996 2284 creandis
1024 2235 1097 2286 centa
1125 2235 1214 2286 tamen
1237 2235 1336 2300 pacto.

284 2331 336 2390 qua
357 2331 401 2372 res
425 2313 605 2378 inclinatura
629 2319 740 2377 eeset“,
873 2333 924 2378 nec
935 2313 1014 2370 buius
1028 2313 1106 2373 ratio.
1125 2332 1160 2372 m.
1172 2315 1212 2370 2:
1227 2318 1258 2368 nt
1272 2331 1296 2371 s.
1310 2317 1335 2370 c.

284 2426 317 2442 -
332 2397 396 2454 Pll:
408 2417 507 2460 arcem
518 2409 740 2461 concentonem.
874 2401 931 2465 fiat,
950 2408 985 2458 ti.
998 2399 1054 2460 mil.
1068 2399 1190 2458 creandis
1204 2406 1279 2454 certo
1295 2408 1335 2454 ta-

242 2485 267 2549 2.
287 2486 540 2562 quiinproesidio
551 2488 739 2554 erontrll.-
874 2509 936 2554 rnen
953 2498 1033 2567 pacto
1052 2509 1103 2545 nec
1120 2489 1181 2546 niue
1199 2489 1278 2544 ratio.
1298 2519 1335 2528 -

232 2573 236 2584 ¹
286 2571 321 2629 P:
340 2575 405 2650 quin
423 2576 513 2654 psidio
532 2587 617 2640 erant.
644 2597 680 2636 nr.
698 2579 739 2636 2:
799 2624 805 2630 .
877 2577 940 2638 Plll:
959 2579 1014 2654 qui
1032 2596 1064 2633 eo
1089 2596 1159 2632 anno
1182 2579 1216 2632 tt.
1233 2571 1271 2652 pl.
1291 2593 1336 2629 es-

285 2680 305 2735 q
322 2661 350 2722 iu
367 2661 457 2739 psidie
477 2674 560 2723 erant.
874 2675 924 2725 oet.
939 2696 972 2706 -
985 2664 1024 2721 ll:
1044 2685 1112 2720 neue
1131 2665 1191 2739 quis
1209 2660 1336 2716 relicere·

241 2749 267 2812 b.
294 2767 330 2806 eo
355 2749 489 2810 aduersa
512 2753 642 2811 cindotr'a
672 2773 739 2809 ree:
841 2822 844 2838 1
874 2754 966 2812 turin
985 2773 1084 2812 annom
1103 2749 1261 2828 tbi.pl.ant
1280 2747 1333 2804 du-

288 2835 348 2894 cod.
361 2835 447 2897 Rhen.
460 2836 533 2898 Harl.
542 2858 560 2897 1.
572 2837 648 2896 Leid.
658 2858 676 2902 ι.
689 2838 740 2910 al]
876 2839 920 2894 bie
942 2840 1031 2898 icilioa
1056 2839 1201 2895 denotante
1224 2843 1332 2894 senatu.

286 2941 316 2981 ca
335 2922 448 2987 aduersa
460 2927 562 2984 civitati
574 2946 617 2982 res
630 2925 690 2996 (P).
704 2955 739 2966 -
874 2925 908 2983 P:
922 2945 990 2980 nene
1003 2928 1063 3006 quis
1075 2925 1232 2980 reficeretur
1244 2926 1271 2978 in
1286 2943 1334 2980 en·

285 3006 327 3061 ll:
347 3028 377 3063 ea
397 3008 512 3068 aduerso
531 3013 646 3076 ciuitatis
665 3031 718 3077 res.¹
871 3031 935 3068 nom
947 3011 1020 3066 haud
1030 3011 1127 3072 dubiae
1136 3003 1335 3078 icilios(m.⁸l.:

240 3091 268 3149 6.
286 3095 439 3167 aequique?
450 3099 528 3160 enim
538 3097 685 3168 temptati:
695 3095 737 3167 ll]
871 3095 1002 3172 iciliciosJ
1021 3096 1166 3152 denotante
1178 3106 1284 3157 senatu.
1298 3129 1336 3138 -

284 3181 461 3258 nequicquam
483 3183 554 3245 enim
576 3183 679 3240 tentati.
702 3214 737 3223 —
871 3183 913 3242 lll:
926 3203 995 3260 quos
1008 3182 1131 3240 mertede
1142 3183 1267 3243 seditiosi
1282 3187 1332 3241 tri·

285 3263 321 3328 P:
351 3259 553 3350 „nequicquam
575 3271 646 3332 enirn
667 3279 738 3326 tem·
872 3259 997 3330 bunatusi
1024 3275 1118 3335 nr.=3.=
1137 3265 1284 3330 mercedi'.

283 3357 361 3428 ptati
378 3374 427 3420 nec
444 3377 509 3420 suae
526 3356 617 3418 indiae
634 3366 685 3427 (nr.
698 3361 740 3420 2}
813 3361 855 3426 13.
871 3367 933 3416 tram
961 3359 1087 3426 dilectus
1113 3359 1235 3424 haberi:
1261 3358 1332 3431 ΡΜ]

285 3442 419 3530 inuidiae)
433 3448 593 3524 peruincunt
601 3449 627 3505 “.
644 3465 739 3504 versus
874 3457 931 3504 turn
948 3445 1000 3506 dcl.
1174 3461 1179 3468 ’

286 3530 334 3603 qui
357 3532 492 3596 exciderat
513 3536 542 3598 in
565 3535 683 3609 margine
701 3535 738 3596 ita
813 3536 855 3598 14.
876 3537 1015 3592 consules
1029 3535 1114 3592 ambo
1124 3534 1254 3610 prefecti
1268 3535 1333 3590 sint

228 3637 233 3646 ·
285 3611 382 3688 legitur
399 3630 454 3687 „nt
467 3630 524 3681 tum
537 3621 652 3697 deniqne
669 3620 739 3676 desi·
873 3623 917 3680 ad
938 3643 1037 3688 arcem
1055 3631 1265 3682 carucatarum
1289 3641 1331 3677 cm

284 3708 386 3760 nerent
398 3705 569 3782 impediendo
582 3707 652 3766 bello
665 3717 740 3785 post.
812 3757 824 3778 ,,
874 3712 968 3766 alter:
981 3709 1041 3768 cod
1053 3709 1140 3768 Rhea.
1152 3739 1183 3750 -
1193 3707 1254 3764 Plll:
1265 3729 1331 3766 con·

205 3831 211 3838 1
260 3811 264 3822 ·
287 3807 364 3863 quam
383 3808 438 3846 non
452 3811 619 3851 coeserenec
631 3795 740 3872 publico
830 3847 834 3855 ,
871 3794 945 3855 aulea
962 3795 1020 3864 inl:
1040 3797 1147 3864 conss.)
1168 3795 1247 3856 ambo
1264 3817 1329 3872 pro·

285 3879 421 3950 tentari-³.
433 3911 465 3920 —-
480 3879 521 3936 tl:
536 3890 565 3940 nt
577 3888 609 3939 cr'r
622 3881 740 3958 deniqne
872 3883 940 3940 recu*
957 3891 1028 3940 eunt
1049 3882 1084 3939 ad
1108 3903 1196 3944 arcem
1218 3903 1329 3940 oernen-

287 3962 448 4024 desistercnt
464 3967 629 4046 inpediendo
641 3967 720 4028 bello..
873 3969 962 4031 tanain
980 3989 1015 4026 an
1033 3969 1100 4028 alter
1118 3981 1168 4035 cet,

240 4047 266 4104 8.
283 4056 457 4124 peruincunt
471 4065 509 4116 nt.
522 4064 563 4114 ab.
571 4056 636 4130 fiat
648 4055 686 4118 de
701 4065 739 4122 tn,
812 4061 853 4122 ib.
873 4059 929 4120 illo
948 4077 1004 4133 pro
1028 4067 1107 4119 certe
1134 4057 1272 4122 babendo
1299 4061 1327 4114 ba

244 4205 247 4212 Δ
284 4139 344 4193 md.
357 4142 510 4198 creandis:
527 4141 562 4202 bl.
577 4173 608 4182 -
624 4141 666 4212 l':⁸
677 4162 738 4217 pcr-
867 4145 979 4219 ‚quidus
988 4165 1050 4204 non
1058 4143 1326 4212 dnuminmaPll:
