2802 4726
221 301 286 372 528
315 355 323 380 .
688 310 797 370 noan
815 311 848 371 v.

223 479 287 547 hoc
316 489 444 568 tempus
472 475 557 544 utilis
578 511 622 536 v-
648 469 803 544 memoria
828 473 930 544 nostri
956 472 1154 564 magistratus
1183 495 1244 540 vos
1274 473 1329 540 his

223 583 359 652 comitiis
382 592 493 672 petere
514 580 548 646 in
568 580 790 672 insequentem
812 601 932 646 annum
944 579 1053 654 uideo:
1075 578 1103 644 si
1123 587 1157 645 et
1169 577 1330 668 ‘collegas

194 757 197 766 ,
222 689 353 756 eosdem
374 685 501 778 reficitis
524 685 620 754 etiam
640 709 702 755 usu
715 684 864 753 meliores
879 683 990 766 laetos,
1011 705 1065 750 me
1078 681 1143 749 iam
1156 705 1224 749 non
1246 706 1330 750 eun-

155 789 158 796 ’
223 795 298 861 dem
318 792 376 860 sed
397 791 544 859 umbram
565 811 747 882 nomenque
769 790 806 858 P.
828 787 928 856 Licini
948 788 1095 856 relictum
1116 787 1239 856 videtis
1279 788 1330 856 ai·

187 911 274 967 tres
297 897 440 988 corporis
464 896 616 986 adfectae,
638 918 749 964 sensus
773 895 941 963 oculorum
962 905 1058 984 atque
1080 893 1204 960 aurium
1225 892 1331 960 hebe-

222 1013 282 1088 tes,
303 1002 457 1070 memoria
472 1001 567 1085 labat,
588 999 677 1090 vigor
700 1000 796 1068 animi
819 1000 983 1068 obtunsus.
1021 1021 1062 1066 en
1083 998 1200 1088 vobis“
1220 992 1332 1087 inquit

134 1107 138 1114 '
221 1109 370 1176 iuvenem
390 1107 492 1175 filium
514 1117 626 1174 tenens
648 1105 810 1196 „effigiem
832 1116 928 1196 atque
942 1101 1110 1193 imaginem
1133 1103 1201 1170 eius
1224 1127 1333 1193 quem

222 1237 281 1283 vos
304 1225 396 1280 antea
417 1199 580 1278 tribunum
601 1209 738 1277 militum
759 1235 801 1280 ex
817 1211 911 1304 plebe
926 1209 1064 1300 primum
1079 1206 1212 1304 lecistis:
1235 1206 1332 1274 hunc

223 1341 282 1407 ego
303 1317 483 1387 institutum
504 1315 669 1406 disciplina
690 1341 768 1395 mea*
784 1314 937 1382 vicarium
957 1336 1017 1403 pro
1040 1333 1094 1381 me
1114 1310 1333 1402 reipublicae

132 1483 135 1490 .
175 1432 210 1490 10
223 1423 264 1488 do
288 1417 434 1510 dicoque,
456 1443 580 1512 vosque
604 1443 725 1510 qraeso
741 1419 889 1516 Quirites,
912 1418 1053 1486 delatum
1073 1415 1151 1484 mihi
1164 1416 1248 1484 ultro
1265 1416 1333 1484 ho-

1176 1487 1178 1498 l
1193 1495 1198 1504 1

221 1548 335 1592 norem
355 1523 431 1592 huic
451 1524 573 1614 petenti
595 1525 739 1616 meisque
760 1549 820 1617 pro
844 1522 1035 1592 eoadiectis
1063 1521 1207 1614 precibus
1233 1523 1334 1589 rhon-

225 1629 341 1696 deust
364 1629 474 1695 datum
494 1628 528 1697 id
549 1630 670 1720 petenti
691 1630 774 1721 patri
795 1631 942 1722 filiusque
964 1629 1032 1696 eius
1054 1627 1091 1699 P.
1113 1627 1249 1695 Licinius
1273 1628 1335 1696 tri-

222 1733 327 1830 bunus
348 1731 485 1800 militum
508 1734 666 1802 consulari
686 1745 845 1824 potestate
867 1759 942 1803 cum
963 1733 1000 1800 iis
1022 1749 1104 1823 'quos
1133 1735 1334 1823 suprascri-

222 1837 345 1929 psimus
364 1837 552 1908 declaratus.
582 1838 718 1906 Titinius
734 1839 958 1932 Genuciusque
975 1836 1091 1906 tribuni
1102 1836 1237 1905 militum
1252 1863 1334 1930 pro-

285 2065 366 2124 bnius
382 2077 471 2124 tamen
487 2066 543 2124 loci
555 2069 653 2134 rationi
671 2068 738 2128 dati·
871 2067 923 2128 ΡΜ
938 2067 999 2126 cod.
1013 2066 1100 2128 Rhea.
1113 2067 1161 2126 al.:
1179 2069 1253 2124 uires
1269 2087 1332 2122 cor·
1384 2071 1385 2076 ’

285 2175 336 2213 vus
354 2156 658 2233 minusaptuevidetur.
677 2177 739 2214 eam
774 2175 780 2182 ‘
852 2159 944 2234 noris
961 2156 1091 2215 adiectae.

284 2243 366 2316 igitur
383 2245 412 2299 in
429 2242 479 2301 ΡΜ
495 2243 573 2303 Leid.
592 2263 610 2304 1.
628 2235 669 2303 als
682 2265 738 2300 non
826 2247 852 2303 6.
871 2233 957 2322 uigor
969 2244 1062 2299 animi
1073 2243 1231 2298 obtunsus.-
1251 2239 1331 2300 illm.

284 2331 353 2387 utili
373 2331 422 2389 sed
446 2333 526 2388 atilli
545 2333 582 2388 sit
603 2352 654 2387 nec
676 2352 737 2389 raro
869 2333 895 2389 3.
913 2329 936 2386 P
953 2329 1027 2386 Harl.
1043 2348 1061 2388 r.
1080 2327 1157 2386 Leid.
1174 2345 1194 2386 1.
1216 2327 1269 2400 at]
1288 2331 1330 2385 vi-

285 2415 391 2474 litterae
408 2420 429 2488 l,
448 2420 466 2488 i,
485 2440 501 2476 e
519 2441 533 2476 a
546 2417 662 2476 librariis
675 2440 738 2476 con·
872 2437 921 2498 gor
930 2418 1011 2474 animi
1021 2417 1145 2475 obtusus.
1154 2445 1190 2458 -
1201 2411 1277 2475 lllm.
1288 2418 1330 2474 1.:

284 2503 360 2562 lusae
384 2507 451 2573 sint,
474 2525 528 2563 non
553 2506 673 2564 dubitem
692 2504 738 2564 Al·
871 2507 957 2565 uicos.
978 2538 1013 2548 —
1037 2504 1059 2563 P
1076 2525 1112 2564 m.
1132 2506 1171 2565 1.:
1193 2523 1227 2560 en
1245 2504 1332 2562 uobis

283 2591 348 2650 dum
365 2577 513 2651 testitudo
524 2613 617 2651 verum
629 2604 739 2652 conten·
871 2593 978 2672 inquid.

286 2678 358 2736 dere.
378 2683 456 2737 tertia
474 2680 554 2738 huius
572 2681 738 2742 difficultatis
824 2685 853 2743 Θ.
871 2682 950 2740 huno
972 2699 1027 2758 ego
1050 2681 1214 2737 instabulum
1236 2678 1330 2734 disci-

285 2768 469 2844 interpretatio
497 2789 590 2826 eoram
621 2779 662 2827 est
691 2770 738 2850 qui
870 2770 955 2844 plina
973 2787 1054 2824 naen:
1072 2764 1102 2824 P.
1127 2795 1162 2807 -
1188 2763 1229 2821 lll:
1251 2764 1330 2820 hunc

284 2856 429 2912 utillimae
463 2866 634 2932 receperunt,
669 2876 739 2932 quae
871 2875 920 2931 ego
945 2856 1096 2911 institutum
1114 2851 1255 2930 disciplina
1273 2855 1277 2924 Ι
1294 2873 1329 2907 ea

284 2961 345 2998 cum
363 2984 380 3012 „
391 2945 545 3000 memoria“
557 2953 692 3020 sequatur,
711 2951 738 2999 et
869 2943 1009 3000 uicarium.
1034 2971 1070 2984 ·-
1095 2937 1157 2998 PM:
1181 2942 1253 3016 reip.
1282 2940 1327 2995 do

284 3031 414 3087 maxime
435 3051 490 3086 non
513 3041 567 3088 tam
594 3031 628 3087 ad
655 3031 738 3086 utilis
868 3031 1002 3104 dicoque.
1094 3070 1096 3078 ,

283 3133 363 3189 quam
380 3117 415 3173 ad
432 3126 547 3192 tempus
563 3117 650 3174 videri
673 3136 737 3194 pos·
809 3119 852 3177 11.
860 3119 993 3194 maioque
998 3135 1055 3190 pro
1064 3136 1099 3173 eo
1109 3113 1328 3187 adiectisproe-
1384 3153 1385 3200 ;

283 3203 320 3257 sit
345 3205 491 3280 pertinere,
517 3203 631 3261 forsitan
657 3206 737 3262 etiam
868 3205 966 3262 cibus:
983 3200 1042 3260 Plll.
1063 3230 1099 3242 -
1125 3200 1147 3258 l.
1171 3198 1214 3258 Fr.
1237 3198 1327 3260 Gron.
1384 3203 1385 3214 ¹

282 3291 371 3348 minus
389 3292 422 3348 ab
439 3292 542 3370 integro
561 3293 639 3352 absit.
716 3279 722 3294 ⁸
867 3291 949 3349 scribi
974 3287 1061 3348 voluit
1087 3289 1175 3357 „meis
1205 3307 1329 3365 quoque

186 3416 190 3423 =
240 3377 267 3438 2.
301 3380 332 3434 ἰη
356 3381 575 3458 ‚insequentem
609 3401 734 3440 annum:
869 3399 919 3458 pro
932 3384 996 3438 eo“.
1017 3366 1252 3452 verumparticula
1268 3395 1330 3452 que

228 3515 240 3527 .
282 3463 357 3525 Harl.
369 3486 387 3527 1.
404 3463 511 3528 Leidr.
525 3493 559 3512 ⁴-
577 3468 613 3527 P:
631 3470 734 3548 petere!
861 3468 1001 3524 'artissime
1029 3465 1226 3538 coniungantur
1250 3465 1330 3519 meio

204 3609 205 3612 ,
281 3553 483 3631 insequentem
501 3578 607 3616 annum.
632 3557 672 3614 Ill:
689 3578 735 3637 pe·
870 3556 996 3613 adiectis
1015 3552 1151 3628 precibus
1174 3569 1236 3606 cum
1255 3569 1328 3604 voce

282 3645 339 3694 tere
355 3641 384 3696 in
401 3661 502 3720 sequen
519 3645 593 3718 {tem
610 3665 716 3702 anuum.
865 3644 991 3719 petenti:
1010 3639 1123 3710 „indem
1132 3636 1190 3692 sich
1200 3633 1327 3707 zugleiclr

231 3753 267 3768 —
283 3727 314 3782 si
329 3735 358 3782 et
374 3729 508 3807 collegas
529 3731 651 3808 cqsdem
667 3731 734 3808 refi·
787 3741 788 3752 ¹
866 3732 954 3787 meiue
972 3728 1062 3784 Bitten
1083 3723 1133 3778 mit
1155 3721 1208 3778 den
1228 3723 1327 3779 seinen

281 3811 362 3870 citis:
378 3812 420 3888 P]
439 3817 463 3871 si
486 3813 601 3892 collegas
623 3828 673 3880 cet.
699 3849 734 3860 -
866 3810 1329 3896 yerbinden‘tCl.5,27.:quoque.

278 3893 320 3958 tl:
342 3902 379 3957 sit
401 3902 524 3980 collegae.
552 3903 626 3966 Harl.
650 3925 681 3964 1.:
707 3914 734 3961 et
806 3906 849 3966 ll.
867 3904 1055 3962 declaratas:
1072 3897 1108 3958 M.
1128 3919 1161 3968 ὴ-
1179 3892 1214 3954 P:
1234 3896 1328 3954 decla-

280 3989 319 4044 eit
336 3987 459 4064 collegas.
477 3989 600 4054 Leid.1.:
618 3995 659 4050 sio
677 3990 733 4048 eol·
865 4000 931 4048 rata.

196 4086 200 4092 ’
280 4071 361 4150 legas.
547 4133 550 4140 ,
815 4109 849 4122 -
869 4076 982 4134 tribuni
997 4076 1138 4132 militum.-
1156 4071 1230 4132 rum.
1248 4075 1277 4132 2.
1291 4105 1329 4117 -
1384 4113 1385 4128 .

237 4159 264 4218 4.
281 4157 316 4219 Ρ.
329 4163 437 4223 Liciai:
449 4159 516 4237 ΡΜ]
532 4159 563 4224 P.
580 4163 688 4224 Licinii.
699 4195 733 4206 -
866 4163 894 4220 Μ
911 4185 946 4221 m.
966 4166 989 4222 l.
1002 4162 1038 4219 P:
1056 4162 1179 4220 tribunus
1196 4158 1327 4220 militum.
1384 4201 1385 4212 .
