2860 4736
158 209 163 234 ‘
245 213 312 292 ,106
634 213 658 264 ·“
710 229 821 293 urata
840 229 873 294 u
897 181 931 238 ⁸·

69 381 76 392 ⁴
117 345 123 436 ἶ
234 351 359 468 ‘roem
373 395 444 488 ipre
463 394 497 460 an
518 394 614 485 pano
634 392 773 486 apsque
794 393 919 464 uben
938 406 1041 465 mea
1063 397 1183 488 poem,
1204 399 1344 468 mnus

44 497 51 524 ἱ
74 505 78 516 “
128 577 132 586 ,
246 503 385 592 undique
413 499 520 570 accitis
547 505 581 568 el
612 495 653 567 ad
674 499 850 568 custodiam
870 523 913 568 ue
934 500 1011 591 quid
1031 500 1169 570 Romam
1190 497 1343 574 frumenti

245 605 379 674 subvehi
406 602 531 688 sineret,
560 615 592 673 et
618 614 656 672 ut
681 605 868 694 praedatum
894 605 1011 674 milites
1032 617 1119 674 traua
1140 607 1261 676 llruncn
1283 633 1344 700 per

246 711 429 780 occasiones
457 710 527 780 aliis
554 721 649 801 atque
677 708 745 776 aliis
768 708 847 778 louis
868 709 1052 779 traicerent:
1082 711 1235 802 brevique
1256 713 1342 782 adeo

213 817 393 888 tiufestum
420 838 551 884 omnem
576 813 757 882 Roumnrmr
784 837 895 904 agrum
915 815 1065 902 reddidit,
1086 826 1210 886 utnon
1233 829 1342 888 catera

242 920 348 996 solum
370 943 412 988 err
433 919 518 1012 agris
536 919 594 987 sed
615 941 715 1011 pecus
737 941 869 1010 quoque
889 943 986 988 omne
1011 921 1045 988 iu
1065 919 1180 989 rubem
1198 923 1341 1014 compel-

241 1025 359 1097 leretur
379 1047 485 1116 neque
508 1023 678 1115 qrriaquarn
693 1031 783 1094 extm
797 1034 906 1114 portos
921 1023 1100 1118 propellere
1116 1025 1257 1094 auderet
1273 1025 1339 1095 hoc

156 1175 160 1190 .
241 1140 366 1197 tautaun
393 1129 540 1197 licentiae
567 1127 709 1196 Etruscis
734 1151 801 1197 non
826 1139 915 1227 metu
941 1130 1043 1221 magis
1071 1153 1169 1222 quam
1201 1131 1337 1200 consilio

241 1256 441 1306 concessruu.
462 1257 600 1326 namque
615 1230 761 1302 Valerius
783 1233 896 1302 consul
916 1234 1055 1302 intentus
1077 1235 1111 1302 iu
1132 1235 1338 1306 occasionem

194 1339 358 1410 tumultus
380 1338 476 1407 simul
497 1351 530 1409 et
552 1340 670 1408 effusos
691 1337 852 1429 inprovisa
874 1339 1039 1407 adoriundi
1059 1342 1093 1408 in
1112 1340 1217 1432 parv'n
1239 1321 1338 1409 rebus

239 1443 409 1535 neglegens
436 1445 523 1513 ultor
548 1468 678 1537 gravem
705 1467 741 1512 se
769 1442 810 1511 ad
842 1443 962 1512 maiora
990 1443 1149 1512 vindicem
1177 1445 1337 1516 servabat.

238 1549 345 1640 itaque
373 1559 409 1617 ut
435 1549 564 1618 eliceret
589 1550 808 1646 praedatores,
835 1547 929 1616 edicit
956 1548 1022 1616 suis
1049 1560 1180 1641 postero
1202 1547 1254 1618 die
1276 1549 1337 1618 ire·

141 1745 143 1752 ¹
237 1663 372 1768 puentes
399 1666 494 1745 porte
518 1653 690 1746 Esquilina,
718 1675 801 1745 quoe
830 1653 1027 1722 aversissima
1052 1653 1094 1719 ab
1126 1653 1221 1722 hoste
1258 1665 1335 1738 erat,
1403 1653 1404 1658 ’

237 1759 435 1848 expellerent
456 1784 565 1850 pecus,
587 1761 722 1828 scituros
743 1758 776 1825 id
790 1758 900 1827 hostes
914 1769 1002 1826 ratus
1019 1757 1154 1848 quadiu
1169 1759 1349 1836 obsidione,

191 1873 225 1928 15
235 1873 271 1940 et
291 1863 376 1929 lame
398 1863 525 1930 seruitia
546 1863 642 1930 infida
664 1863 906 1952 transfugerent.
935 1873 968 1930 et
989 1862 1089 1930 sciere
1117 1861 1270 1955 perfugae
1290 1863 1334 1930 iu-

237 1967 319 2034 dicio
322 2017 336 2052 a
364 1966 532 2056 multoque
559 1967 667 2058 plnres
693 1977 730 2033 ut
757 1957 792 2032 iu
817 1991 910 2057 spem
933 1967 1099 2038 universae
1121 1969 1257 2059 praedae
1279 1969 1333 2048 ssu-

132 2155 136 2166 .
230 2095 311 2138 men
330 2069 487 2138 traicirmt.
509 2072 545 2138 P.
568 2071 714 2138 Valerius
735 2070 810 2138 inde
836 2071 877 2138 Τ.
899 2070 1105 2138 Hermenium
1134 2097 1209 2140 curm
1235 2073 1333 2140 ruodl-

181 2189 183 2196 '
235 2176 281 2242 cis
302 2175 403 2268 copiis
427 2174 466 2241 ad
489 2176 665 2242 secundum
684 2175 824 2265 lapidem
847 2175 968 2242 Gabina
996 2175 1048 2243 via
1071 2178 1233 2266 occultum
1260 2167 1332 2246 couss
1362 2167 1365 2176 ¹

234 2256 337 2350 sidere
365 2279 468 2364 iubet,
496 2281 552 2370 Sp.
574 2279 717 2346 Lartium
745 2285 821 2348 curn
842 2281 991 2371 expedita
1011 2280 1175 2350 iuventute
1198 2283 1238 2350 ad
1260 2305 1330 2374 por-

188 2394 304 2470 aotam
325 2385 484 2460 Collinam
505 2397 589 2453 stare
612 2385 715 2452 donec
736 2384 837 2464 hostis
856 2397 1043 2478 praetereat,
1065 2387 1138 2454 iude
1153 2411 1189 2454 se
1205 2385 1332 2457 obicere

232 2513 274 2560 ue
296 2489 337 2561 sit
358 2491 398 2558 ad
419 2490 540 2562 flumen
561 2489 690 2561 reditus.
714 2491 882 2558 consulum
905 2491 984 2559 alter
999 2492 1040 2560 T.
1054 2491 1220 2563 Lucretius
1238 2501 1330 2582 porta

229 2594 353 2668 Naevia
376 2619 452 2663 cum
474 2596 595 2688 aliquot
616 2595 784 2688 manipulis
806 2595 942 2665 militum
964 2621 1119 2688 egressus,
1146 2597 1215 2688 ipse
1237 2595 1329 2684 Vale·

248 2790 275 2848 l.
293 2789 440 2864 nudique.-
465 2787 487 2844 P
510 2807 546 2847 m.
564 2787 590 2846 2.
607 2785 643 2846 Μ.
662 2785 744 2844 unde·
817 2789 859 2846 13.
876 2787 1047 2862 Esquilino.
1070 2819 1104 2831 —
1127 2786 1189 2846 Plll:
1211 2791 1328 2865 necqui-

210 2872 214 2882 ’
294 2874 454 2950 queer.
474 2877 498 2932 1.
647 2929 650 2938 Δ
733 2893 736 2902 ’
878 2874 950 2930 lina.
990 2901 992 2910 Α

237 2964 277 3019 ·3.
291 2959 746 3035 perocdoiioncs:ll.(lraceenim
815 2964 858 3020 17.
875 2959 910 3019 Ρ.
935 2959 1077 3018 Valerius
1101 2961 1172 3019 inde
1201 2963 1232 3022 Τ.
1253 2962 1328 3019 Her·

292 3066 347 3106 vox
368 3049 397 3101 in
420 3047 537 3122 antiquis
559 3045 637 3101 libris
655 3056 682 3102 et
699 3068 745 3102 oc·
876 3048 1025 3118 menium]
1056 3047 1085 3107 P.
1113 3047 1242 3106 Valerius·
1263 3048 1329 3106 iude

292 3134 394 3202 casalo
405 3141 433 3188 et
444 3134 580 3189 occansio
591 3133 691 3210 scripta
703 3153 744 3189 re·
874 3133 907 3192 Τ.
924 3131 1100 3202 Herminium.
1112 3169 1145 3179 -
1160 3136 1221 3194 Pll:
1231 3145 1261 3210 ᾖ.
1275 3157 1326 3192 uo-

291 3221 420 3300 peritnr.)
490 3239 493 3246 ·
532 3257 535 3268 ·
874 3221 975 3280 larius.
984 3229 1024 3290 ῆῑ.
1038 3231 1057 3280 t.
1070 3223 1250 3280 termentum
1261 3223 1327 3294 (sad

247 3309 273 3368 l.
290 3311 463 3367 troiamnt:
480 3306 531 3367 ΡΜ
541 3305 620 3365 Harl*
632 3307 671 3379 1.]
689 3316 743 3367 tra·
872 3309 903 3364 in
914 3306 947 3364 Μ
963 3309 1070 3366 excidit·
1079 3313 1116 3380 t).
1141 3319 1172 3367 ῇῑ
1188 3333 1224 3364 =
1242 3313 1271 3367 iri
1288 3332 1325 3366 =

290 3398 391 3456 liceret.
415 3397 542 3467 (milites
564 3404 605 3453 est
622 3397 742 3452 uomina·
873 3393 944 3454 inde.
1010 3399 1014 3406 '
1080 3417 1091 3442 ·-
1354 3420 1356 3428 .

288 3485 386 3550 tirus.)
454 3513 456 3519 ·
545 3527 548 3534 .
614 3493 619 3508 ⁸
814 3482 856 3540 18.
874 3481 990 3540 Gabina
1008 3481 1136 3541 uin-P
1154 3483 1326 3545 oud.lllren.:
1403 3491 1404 3498 ’

245 3571 272 3644 t.
288 3577 395 3645 pectas.-
417 3567 445 3628 Μ
467 3592 502 3630 m.
521 3573 545 3630 1.
564 3569 595 3630 P.
619 3571 740 3648 pecoris:
870 3571 994 3649 gabinio
1024 3573 1082 3628 nio.
1113 3568 1154 3626 ll:
1182 3571 1326 3647 gabinum

289 3656 316 3714 Μ
334 3678 369 3714 m.
390 3661 417 3715 2.
876 3659 963 3716 uiam.
982 3657 1016 3716 cl.
1034 3660 1061 3720 3,
1078 3657 1104 3712 6.

230 3749 272 3804 la
291 3747 443 3820 inprouiso
462 3745 641 3800 adoriundir
660 3741 717 3802 Plll.
814 3747 855 3804 19.
874 3744 925 3818 Sp.
943 3744 1085 3801 Lartium.
1097 3771 1131 3784 ·-
1144 3739 1207 3798 PM:
1219 3731 1324 3822 sp'lar·
1387 3803 1392 3821 Ι

102 3869 105 3878 -
230 3837 272 3892 11.
291 3833 477 3910 neglegente·
495 3829 567 3902 ΡΜ]
597 3831 742 3906 negligens.
874 3833 954 3907 girum
1175 3859 1179 3873 .

288 3919 364 3977 Pur.
379 3920 417 3976 1.:
432 3923 558 3996 'grauem
576 3911 741 3976 sedam‘ar'o·
812 3923 855 3980 10.
874 3916 944 3974 iude
970 3935 1005 3972 ae
1030 3915 1156 3974 osane.-
1183 3915 1233 3976 ΡΜ
1262 3919 1322 3979 cod.

171 4080 172 4088 ἵ
290 4027 333 4065 ro.
349 4003 435 4063 -t1:
454 4007 555 4081 itaque
568 4007 741 4086 adeligeret.
829 4031 833 4036 ·
872 4001 1321 4098 llum]deinde-fumeorum.
