2756 4720
118 327 307 450 ‘530

192 597 197 608 ¹
242 503 335 596 mun
356 501 459 572 raian
481 501 547 570 aa
568 501 609 572 aa
631 501 789 572 aearum
810 499 894 569 nm
915 471 1001 568 tran
1027 484 1294 592 servandaeqoe
1319 526 1361 592 μ

242 608 320 677 triae
342 607 387 676 M.
402 608 515 678 Furiis
536 607 689 676 Camillus
711 607 846 676 dictator
867 605 969 676 dictus
990 607 1179 697 magistrum
1203 608 1361 697 equitrm

151 715 155 738 '
243 713 279 781 P.
302 711 485 784 Cornelium
512 713 695 805 Scipionem
722 705 831 780 dirit'
846 710 953 780 omnia
979 721 1112 802 repente
1138 722 1361 780 mutaverunt

21 825 23 920 ζ
121 809 139 832 “
243 817 432 908 imperatore
453 828 593 903 mutato:
630 815 690 884 alia
712 839 801 907 spes,
823 813 903 884 alins
925 813 1049 884 animus
1070 813 1271 901 hominnm,
1306 817 1360 884 lor-

212 934 319 990 otuna
342 946 474 1014 quoque
496 922 556 990 alia
578 921 665 990 urbis
679 921 788 990 videri.
826 921 970 990 omnium
991 921 1130 1014 primum
1151 920 1186 988 in
1214 943 1285 990 eos
1311 922 1359 1013 qui

242 1053 259 1094 a
282 1026 360 1097 Veis
381 1027 414 1094 in
435 1026 491 1096 illo
513 1051 632 1120 pavore
660 1027 821 1118 ingerant,
848 1049 940 1096 more
968 1024 1093 1095 militari
1120 1025 1358 1094 armaverit

241 1131 410 1223 effecitque
430 1151 472 1200 nc
493 1130 593 1200 hoelis
621 1131 760 1198 maxime
778 1130 948 1200 ,timendus
974 1131 1065 1200 militi
1093 1140 1190 1198 esset.
1238 1130 1357 1198 deirrde

242 1235 360 1304 indicto
385 1235 502 1304 dilectu
523 1234 556 1300 in
583 1236 667 1304 diem
695 1246 815 1304 certam
840 1236 919 1328 ipse‘
936 1237 1062 1305 interim
1085 1235 1194 1332 Veios⁸
1212 1236 1258 1302 ad
1286 1259 1356 1303 con

241 1339 412 1408 iinnontlos
434 1337 570 1408 militum
592 1339 715 1408 ammos
736 1339 930 1430 intercurrit,
951 1342 1026 1410 indo
1047 1339 1186 1409 Romam
1212 1341 1259 1408 ad
1286 1341 1356 1409 seri

178 1439 230 1510 '10
242 1443 383 1512 bendum
404 1467 526 1512 novum
547 1444 724 1514 exercitum
751 1446 833 1515 redit
854 1447 943 1516 nullo
971 1447 1167 1517 detractante
1190 1445 1353 1514 militiam

200 1625 207 1642 ·
243 1549 407 1642 peregrina
422 1577 425 1585 ·
441 1549 539 1620 etiam
568 1551 716 1618 iuventus
742 1547 843 1619 Latini
870 1551 1063 1643 Hemicique
1092 1573 1233 1642 operam
1261 1575 1352 1618 snam

301 1681 440 1740 oliendere
467 1661 600 1758 potnerit,
629 1699 690 1738 cum
719 1682 756 1739 ita

301 1768 349 1827 lati
368 1772 454 1848 ipsins
470 1779 605 1849 tamquam
616 1769 703 1826 hostis
715 1771 756 1827 in·

299 1856 494 1935 exsuperabilis
510 1860 553 1916 ria
570 1855 654 1916 Veios
673 1877 755 1936 eppe·

300 1945 395 2001 tivisse
405 1945 535 2004 vitientur.
548 1943 592 2004 Cl.
602 1947 628 2014 5,
640 1947 685 2006 33.
696 1946 756 2004 init.

258 2028 284 2088 1.
302 2031 346 2087 ad
352 2033 502 2090 excidium
511 2033 595 2090 illias
604 2034 685 2090 urbis
694 2051 756 2090 aer·

301 2119 481 2196 nandoeque
490 2121 625 2195 patriae.-
637 2117 687 2176 ΡΜ
697 2117 756 2178 rell.

300 2230 337 2245 -
354 2203 533 2264 Servandae
552 2208 671 2282 patriae
691 2205 719 2266 lr.
736 2203 756 2266 l.

300 2294 529 2364 nomgeaitirum
556 2292 606 2348 sed
636 2293 756 2352 danaum

298 2393 358 2432 esse
384 2375 428 2433 rel
454 2381 618 2456 praepositio
642 2381 686 2438 ad
706 2379 756 2438 ‹lo-

301 2469 353 2521 cet.
379 2463 415 2523 el.
432 2465 459 2533 ὅ,
479 2467 520 2525 il:
544 2465 756 2535 „dieeolmnda'e

299 2555 423 2608 maxume
448 2552 609 2612 tribuniciae
636 2565 754 2634 potesta-

298 2636 368 2696 1ἰι“.
386 2637 475 2697 -Ῥτ
493 2642 637 2718 aequitum.

171 2787 175 2798 Ι
254 2720 281 2780 3.
299 2722 403 2780 amnia'
420 2736 540 2803 repente
565 2733 756 2796 mutauerant

303 2811 483 2886 imperatore
508 2817 645 2888 mutata]
664 2817 755 2872 omnia

298 2905 408 2973 repenle
436 2909 584 2960 mutaverat
610 2905 756 2978 imperator

190 2983 193 2988 “
299 2985 698 3060 ornament-Pin.
713 2992 753 3051 Le

298 3079 444 3147 repentem.
470 3104 504 3114 -
530 3073 571 3131 ll:
595 3077 686 3131 onmia
711 3095 753 3131 re·

204 3180 212 3186 ·
298 3164 380 3234 pente
408 3166 558 3216 mutauerat
591 3163 753 3238 imperatore
792 3159 808 3178 ⁸

298 3252 410 3303 mutato.
422 3275 458 3290 -
471 3244 542 3328 Cum
559 3265 614 3304 non
632 3250 754 3306 instituta

298 3333 418 3406 priorum
439 3336 629 3412 imperatorum
651 3337 685 3392 ab
712 3335 753 3394 tli-

240 3445 260 3466 «
301 3424 405 3474 ctatore
425 3431 525 3479 mutata
548 3443 607 3480 esse
630 3423 754 3481 dicantur

297 3504 347 3560 sed
359 3523 422 3581 spes
432 3508 483 3564 sed
495 3512 586 3581 animi,
599 3511 685 3568 lacere
696 3531 753 3570 noa

296 3608 408 3664 possum
421 3599 486 3671 quin
503 3599 680 3674 imperatore
690 3617 752 3657 mu-

297 3683 361 3732 tata
378 3697 429 3756 pro
447 3683 526 3738 unice
544 3705 608 3742 vero
631 3687 752 3747 habeam.

285 3757 364 3818 'haec
382 3775 440 3822 eret
456 3786 536 3825 cama
554 3777 700 3834 aureliam
717 3793 752 3832 ex

298 3847 355 3910 Pal.
369 3869 387 3910 1.
404 3853 552 3932 reciperem
564 3869 754 3918 mutauerant

239 4015 245 4026 Ι
298 3955 350 4012 pro
367 3949 543 4004 mutauerat.
577 3965 658 4026 saepe
680 3951 752 4006 enim

297 4041 360 4080 eum
373 4027 445 4098 apud
457 4028 526 4088 alios
537 4033 626 4091 bonor
637 4037 751 4113 scripto-

297 4127 341 4164 res
359 4120 416 4170 tum
428 4117 500 4190 apud
512 4118 617 4177 livium
636 4132 752 4179 matare

296 4211 347 4288 pro
366 4203 478 4256 malari
491 4206 620 4281 scriplum
638 4210 750 4281 reperiri

888 1691 983 1742 notum
1000 1692 1049 1741 est.
1068 1683 1108 1753 sio
1120 1683 1148 1750 9,
1161 1683 1224 1742 12:
1244 1681 1351 1750 ,μὰν

888 1791 941 1850 qne
966 1769 1107 1830 nullodum
1130 1773 1291 1826 certamine
1318 1771 1349 1825 ir

888 1857 996 1916 clinatis
1012 1859 1116 1918 viribus
1132 1887 1168 1900 -
1188 1858 1283 1916 animi
1301 1875 1349 1912 mr-

887 1956 1010 2008 tererent
1020 1951 1071 2004 ut“
1093 1953 1144 2004 oet.
1162 1947 1192 2010 3,
1203 1945 1250 2002 10.
1272 1945 1348 2012 5,13.

890 2031 924 2090 al.
942 2036 982 2092 sic
994 2035 1074 2091 etiem
1083 2033 1116 2092 A.
1126 2028 1235 2110 Gallias
1252 2035 1300 2098 18,
1315 2031 1346 2087 ll

887 2122 923 2180 od
945 2121 1075 2198 Varronis
1098 2119 1181 2178 verba
1206 2118 1346 2196 „reliquae

886 2216 1013 2267 mutant“
1041 2205 1235 2265 animadvertit
1266 2225 1345 2275 „mro

889 2305 956 2353 tant
982 2295 1179 2372 elegantirrime
1205 2313 1263 2370 pro
1292 2313 1342 2350 nro

887 2390 1023 2444 tantur“.
1042 2405 1073 2440 ae
1090 2401 1156 2440 sane
1169 2381 1264 2460 mplto
1283 2382 1342 2439 veri

885 2470 1002 2530 similius
1026 2480 1080 2539 est,
1107 2471 1133 2528 si
1159 2489 1216 2544 quo
1249 2467 1343 2523 mendo

886 2568 1057 2612 mutauerat
1092 2563 1181 2640 orpum
1218 2563 1282 2610 erat
1315 2573 1343 2609 ex

884 2636 1066 2712 mutauerat,
1088 2640 1121 2697 ab
1145 2641 1256 2698 erudito
1279 2661 1342 2718 quo·

887 2726 950 2784 (lam
966 2725 1076 2785 librario
1094 2727 1267 2784 emendatum
1285 2748 1344 2780 ease

887 2815 1000 2882 „omnia
1023 2823 1172 2872 mutauerat
1193 2813 1342 2890 imperator

886 2908 1043 2972 mutatus“‚
1068 2887 1159 2980 ‘qnam
1191 2900 1216 2956 si
1253 2899 1340 2956 iuerat

886 2992 999 3056 „omnia
1021 2997 1170 3047 mutauerat
1192 2989 1339 3063 imperator

882 3081 1033 3146 mutatus“‚
1051 3077 1085 3134 ab
1103 3075 1192 3154 aliquo
1205 3073 1277 3179 11ιέιᾶ
1289 3076 1336 3130 ἰιιι-

885 3165 973 3241 perito
995 3167 1126 3244 scriptum
1149 3162 1336 3231 esea·„omaia

885 3255 1335 3332 mutaueratimperatoremutato“.

888 3368 922 3381 -·
941 3337 963 3396 P
980 3360 1016 3400 m.
1035 3343 1074 3399 1.=
1092 3339 1162 3397 aliae
1178 3356 1250 3415 epea.

811 3438 817 3450 ‘
839 3424 868 3486 6.
885 3444 906 3482 a
923 3425 1014 3485 Veia:
1030 3425 1097 3500 ΡΜ]
1120 3447 1135 3483 a
1154 3423 1237 3483 Veiis.
1258 3455 1295 3466 -
1315 3421 1333 3479 Ρ

882 3530 918 3571 m.
932 3517 969 3573 1.:
988 3516 1075 3572 anima
1093 3513 1209 3571 aduertit
1225 3525 1247 3568 a:
1261 3512 1332 3569 lecit-

845 3606 849 3616 '
883 3619 945 3677 que.
967 3599 1043 3662 Ριιι.
1061 3603 1087 3663 l.
1105 3599 1332 3659 lile-animaduer-

881 3690 916 3744 tit
932 3689 1049 3768 effecitq.

839 3774 866 3831 8.
885 3775 994 3833 indicta
1007 3778 1133 3834 dilecta:
1150 3773 1215 3847 ΡΜ]
1233 3773 1332 3832 indicto

884 3861 999 3923 delectu,
1010 3895 1045 3908 -
1057 3861 1107 3920 PM
1124 3861 1170 3923 sl.:
1189 3863 1273 3944 nulla
1286 3861 1329 3920 de·

882 3957 1028 4010 manante
1044 3952 1190 4010 militiam.

822 4034 865 4095 11.
877 4040 1040 4118 peregrina
1065 4041 1155 4096 etiam
1181 4039 1330 4108 iuuentae:

880 4122 1329 4203 Pm.n.lt1.-Pm.‘1.=pe

880 4214 1020 4286 regrinanr.
