2750 4720
230 287 297 360 oss
491 265 563 294 ''
695 261 861 360 bmmv.

232 463 274 532 ad
296 487 369 532 earn
391 483 459 528 rem
480 460 611 532 Pontius
634 459 797 533 Cominius
818 461 939 554 inpiger
965 461 1087 530 iuvenis
1109 483 1261 551 operam
1284 460 1344 550 pol

230 569 335 638 licitus
364 565 517 634 incubans
545 565 654 636 cortici
681 567 823 636 secundo
845 567 953 636 Tiberi
976 566 1016 634 ad
1042 563 1157 632 urbem
1183 565 1342 634 defertu.

234 671 307 740 inde
330 695 393 762 qua
415 671 598 762 proximum
619 670 678 738 luit
700 693 718 736 a
740 671 823 763 ripa,
845 697 903 764 per
923 681 1132 763 praeruptum
1152 692 1277 758 eoque
1300 691 1343 734 ne

86 850 90 860 ,
233 775 372 846 electum
398 773 539 846 bostium
568 774 730 844 custodiae
757 798 872 842 saxum
897 777 930 843 in
952 773 1148 864 Capitolium
1176 773 1298 840 evadit
1317 783 1341 838 et

196 891 215 952 t
234 883 275 950 ad
297 881 497 972 magistratus
519 881 633 948 ductus
655 879 802 947 mandata
818 881 976 948 exercitus
990 878 1065 946 edit.
1101 887 1251 966 accepto
1277 875 1340 941 inde

232 997 361 1056 senatus
390 983 538 1054 consulto
565 983 613 1051 uti
645 984 781 1052 comitiis
805 984 933 1053 curiatis
965 993 1136 1052 revocatus
1166 981 1215 1048 de
1252 980 1338 1048 exilio

230 1091 319 1159 iussu
339 1089 452 1180 populi
467 1087 620 1156 Camillus
642 1089 777 1158 diotmor
798 1088 961 1180 extemplo
978 1065 1141 1156 diceretur
1153 1086 1339 1175 militesque

148 1234 151 1247 ·
232 1194 389 1263 baberent
408 1193 635 1283 imperatorem
655 1215 753 1282 quern
774 1193 908 1278 vellent,
939 1193 1053 1262 cadem
1074 1191 1248 1281 digressus
1273 1211 1337 1259 nuu

231 1299 294 1368 tius
316 1296 415 1366 Veios
428 1294 615 1364 contendit:
650 1295 802 1388 missique
822 1297 963 1365 maleam
983 1295 1078 1386 legati
1099 1296 1140 1362 ad
1165 1294 1337 1362 Camillum

247 1542 272 1601 1.
296 1539 423 1600 Panum
449 1539 611 1599 Cominius.
640 1569 676 1582 -
705 1537 746 1596 ld:

290 1628 424 1706 „pontins
432 1625 746 1688 comminus“.l'llarl.r.

289 1713 368 1774 Leid.
387 1732 406 1772 1.
423 1713 470 1774 sl:
492 1716 623 1794 „Pontius
642 1717 746 1790 quomi-

291 1806 375 1862 nus“.
394 1821 444 1862 uec
462 1801 601 1860 dubitabat
618 1801 746 1878 Sigonius

291 1888 426 1958 „Pontius
445 1886 599 1946 Cominus“
618 1891 745 1949 scribere.

248 2039 251 2046 ¹
288 1977 323 2033 A.
347 1975 448 2032 Gellius
472 1977 568 2032 scribit
592 1977 638 2044 17,
663 1979 688 2036 9.
711 1995 745 2034 ex
782 1982 786 1988 '

288 2062 325 2136 Q.
335 2062 444 2120 Claudii
454 2063 593 2120 annalibus
602 2063 652 2118 ita:
670 2061 744 2132 „Co-

286 2151 386 2206 minius
399 2170 451 2226 qua
464 2149 622 2206 ascenderat
634 2150 744 2206 descen·

290 2235 332 2294 dit
350 2247 430 2312 atque
441 2237 523 2292 verba
536 2235 620 2292 Gallis
636 2236 712 2294 dedit
718 2242 743 2296 “.

289 2353 325 2402 -3-
343 2322 379 2379 P:
397 2321 518 2378 secundo
536 2323 654 2381 tiberim.
674 2356 677 2366 ·

244 2413 271 2470 3.
289 2429 384 2487 eoque
394 2407 570 2466 metretum.-
588 2407 646 2468 ΡΜ.
657 2441 692 2451 -
703 2407 742 2465 P:

288 2498 409 2554 bostium
415 2493 574 2555 custodiam.
585 2493 625 2553 lll:
638 2495 742 2554 bustiae

288 2583 436 2644 custodiae.
464 2580 509 2642 ef.
528 2584 557 2652 1,
575 2585 633 2645 bb:
655 2604 742 2655 „cau-

287 2693 333 2730 sae
351 2670 415 2728 belli
432 2669 574 2730 huiusce“.
627 2713 633 2724 .

149 2787 152 2796 ¹
243 2757 649 2834 amnemamnem
674 2777 742 2813 con·

288 2847 368 2902 ault'o
393 2846 437 2900 uti
457 2846 584 2902 comitiis
602 2845 739 2917 curr'utis]

287 2940 397 3010 accepto
415 2931 480 2992 iude
501 2940 610 2988 senatus
632 2930 741 2992 decreto

287 3029 319 3075 nt
336 3027 364 3072 et
381 3021 498 3076 comitiis
511 3019 621 3078 curiatis
639 3026 690 3074 eet.
705 3047 740 3058 -

286 3103 418 3164 Senator
429 3105 564 3160 consulto
577 3103 741 3160 restituimus
752 3107 760 3114 '

180 3225 193 3234 ·-
288 3189 400 3257 ebel‚
424 3209 484 3254 eum
508 3188 632 3248 inPsit
654 3188 741 3256 „inde

286 3285 349 3348 so“,
366 3279 395 3334 in
410 3273 438 3332 tl
456 3276 542 3346 „inde
560 3278 639 3346 soc“‚
658 3286 741 3334 meta-

155 3437 160 3448 ,
216 3355 222 3364 i
282 3369 356 3426 tbesi
373 3361 521 3422 litterarum
538 3384 588 3440 pro
607 3385 667 3434 sco,
685 3385 739 3442 quo

286 3454 384 3512 mendo
409 3461 436 3508 et
459 3455 488 3510 in
511 3452 606 3510 eodem
629 3455 739 3510 nomina

284 3540 353 3598 nibil
382 3540 548 3618 frequentius
583 3546 633 3598 est.
674 3537 738 3594 dein

282 3628 441 3704 scripsimus
460 3628 510 3695 rati,
530 3623 604 3702 quod
615 3624 681 3682 inlll
697 3633 738 3680 est

188 3772 192 3789 1
286 3713 390 3780 aterio
406 3709 430 3768 P
449 3721 555 3780 otest,
577 3734 593 3772 a
612 3713 687 3768 cuius
703 3708 736 3772 li·

283 3800 374 3856 brario
393 3805 442 3853 ute
459 3817 509 3871 pro
528 3807 559 3854 ut
579 3802 600 3854 ῑ
616 3798 738 3856 habitum

284 3897 333 3946 est.
351 3905 431 3963 saepe
441 3903 505 3942 uero
523 3885 552 3942 in
570 3884 624 3942 fine
641 3886 737 3946 verbo·

282 3993 344 4038 rum
361 3995 378 4032 e
396 3982 422 4030 et
441 3975 534 4030 iinter
546 3993 576 4030 se
587 3982 736 4051 permutata

283 4075 342 4114 esse
367 4068 461 4121 notum
479 4069 528 4119 est.
559 4079 619 4116 nam
639 4067 734 4135 quam-

282 4162 397 4216 quame
422 4145 556 4210 interdum
575 4149 654 4214 etiam
672 4143 733 4202 loeo

23 1427 25 1446 ’
100 1502 104 1510 Ι
171 1416 220 1494 ltu
232 1402 329 1472 Veios
357 1423 432 1468 eum
457 1400 654 1489 perduxere,
686 1423 745 1468 seu
766 1439 810 1456 -··
837 1403 926 1492 qnod
957 1402 1057 1492 magis
1088 1401 1228 1470 medere
1261 1399 1335 1478 libet,

880 1539 1026 1618 particulae
1039 1541 1215 1617 etscriptum
1231 1551 1276 1597 est
1292 1537 1333 1608 (cl.

878 1629 909 1688 T.
921 1629 982 1686 biri
1001 1629 1018 1688 Ι.
1030 1647 1092 1689 xxx.
1104 1648 1133 1704 p.
1144 1647 1213 1685 xxn.
1234 1649 1263 1688 ι.
1275 1629 1335 1696 bt),

880 1725 969 1774 umen
992 1735 1047 1772 non
1072 1715 1155 1774 buius
1180 1714 1240 1772 luci
1260 1725 1290 1774 et
1304 1716 1334 1771 ri·

880 1805 959 1862 detur
976 1823 1044 1870 esse,
1062 1823 1123 1860 oum
1141 1823 1201 1859 non
1223 1802 1261 1862 de
1278 1802 1333 1859 dua·

878 1889 1332 1967 mmmmfflmffl

877 1987 930 2046 tur,
950 1985 979 2033 ut
991 1973 1121 2036 Camillus
1140 1976 1177 2032 de
1195 1977 1282 2034 exilio
1298 1997 1331 2031 re
1350 2019 1351 2068 q

877 2075 989 2122 vocatus
1008 2063 1124 2120 dictator
1141 2063 1267 2122 dicatur:
1290 2083 1331 2120 nee

876 2150 950 2228 quod
962 2153 1084 2228 sequitur
1095 2151 1280 2228 „militesque
1292 2151 1328 2206 ba·

876 2239 971 2295 beraut
994 2247 1073 2315 quem
1094 2237 1197 2294 vellent
1222 2243 1328 2315 impera·

859 2330 984 2388 ,torem“
1001 2325 1157 2402 ,quidquam
1181 2328 1249 2384 novi
1272 2327 1326 2382 affe

873 2419 924 2470 rat.
937 2411 1011 2468 --Ρ
1029 2433 1063 2470 m.
1084 2415 1278 2472 laocomitius
1290 2434 1327 2469 cn·

872 2501 957 2557 riatis.
982 2531 1016 2542 -·-
1047 2497 1111 2558 Pttr
1132 2510 1280 2562 reuocatus
1297 2500 1327 2558 de

815 2635 818 2642 ,
873 2585 963 2646 exilio.
1101 2582 1102 2586 ¹
1350 2595 1351 2640 t

830 2677 857 2736 8.
875 2675 980 2734 eadem
998 2673 1172 2751 digressus:
1190 2671 1239 2730 ΡΜ
1255 2673 1326 2746 rell]

875 2760 969 2819 eadem
982 2760 1124 2836 degressus
1133 2759 1262 2833 (sigum).
1277 2763 1326 2818 Di·
1350 2805 1351 2842 q

870 2867 998 2926 gressus
1024 2866 1080 2902 uon
1109 2846 1143 2902 ad
1170 2847 1325 2906 descensum

875 2934 957 2992 modo
975 2934 1009 2990 de
1019 2933 1156 3010 Capitolio
1174 2933 1224 2990 sed
1238 2934 1276 2991 'ad
1288 2945 1324 2990 to·

874 3029 929 3077 tam
946 3019 1141 3098 profectionem
1159 3021 1322 3079 referendum

875 3117 923 3165 est
953 3107 988 3166 cl.
1006 3109 1037 3176 l,
1054 3110 1112 3167 39.:
1135 3107 1320 3183 „digressus“.

876 3225 910 3236 -
929 3194 971 3250 De
989 3194 1094 3268 eudem
1112 3195 1146 3256 cl.
1164 3197 1189 3262 2,
1207 3199 1249 3254 70.

812 3283 855 3342 1⁰.
874 3301 928 3340 acu
946 3281 1029 3357 quod
1044 3283 1142 3360 magia
1159 3283 1276 3340 credere
1286 3286 1319 3340 li-

870 3370 931 3427 bet.-
949 3367 981 3430 P.
998 3399 1028 3412 ·-
1045 3368 1084 3424 lll:
1102 3383 1150 3424 seu
1166 3389 1220 3444 quo
1239 3373 1319 3444 magis

872 3466 923 3530 cet.
935 3487 969 3498 —
981 3455 1036 3514 Alii
1054 3457 1135 3530 igitur
1153 3455 1251 3524 dicunt,
1268 3455 1318 3512 Ca·

860 3534 973 3604 ‘millum
985 3543 1017 3602 ab
1030 3541 1124 3618 legatis
1132 3541 1246 3600 Ardeam
1256 3546 1316 3600 mis·

869 3631 908 3685 sis
926 3627 1007 3686 Veios
1025 3629 1182 3706 perductum
1199 3649 1255 3687 osse
1271 3651 1315 3687 an-

870 3723 977 3791 tequam
994 3713 1038 3770 illa
1056 3715 1101 3772 lex
1112 3719 1210 3773 curiata
1227 3737 1259 3776 ex
1274 3737 1312 3775 se·

870 3811 948 3862 natus
961 3801 1083 3862 consulto
1099 3801 1152 3858 latu
1165 3813 1245 3862 esset:
1262 3807 1311 3873 alii,

870 3907 925 3948 uun
943 3898 1004 3947 ante
1022 3909 1083 3948 eum
1099 3889 1198 3946 linibus
1214 3891 1311 3949 Ardeae

870 3995 1004 4050 egressum
1017 3995 1096 4054 qnam
1109 3981 1277 4055 comperisset
1284 4001 1311 4037 so

870 4074 1023 4122 revocatum
1034 4084 1094 4122 esse
1105 4063 1263 4124 sollemniter
1280 4068 1310 4124 de

869 4148 949 4209 exilio
967 4160 995 4209 et
1011 4172 1027 4209 a
1045 4160 1138 4210 senatu
1151 4152 1310 4232 tribunisque
