2836 4720
140 381 144 386 Ι
233 285 300 352 noa
336 309 339 320 ,
472 285 476 294 ·
708 295 865 358 sunau.

233 460 325 532 clade
347 459 447 530 virius
468 461 604 530 rnilitum
623 484 695 530 rem
716 459 899 552 prolapsam
914 459 1111 552 neglegentia
1126 459 1268 528 consulis
1294 481 1347 527 re-

232 564 342 636 stituit.
365 565 479 634 melius
500 562 534 634 in
555 565 683 636 Volscis
704 562 895 656 imperatum
917 575 976 633 est.
999 564 1060 632 lusi
1080 563 1184 655 primo
1210 563 1346 653 proelio

232 669 343 740 hostes
375 670 515 762 fugaque
543 671 576 738 in
606 669 720 740 urbem
746 669 877 738 Antium
903 680 941 739 ut
967 679 1038 738 tum
1064 691 1117 736 res
1143 679 1233 736 erant
1257 691 1347 758 opu-

230 773 441 844 lentissimam
463 775 542 846 acti:
579 798 677 866 quam
697 773 814 843 'consul
842 795 1026 866 oppugnare
1047 797 1114 842 non
1140 771 1347 840 ausus'Cae-

195 891 351 951 anonam
378 881 465 948 aliud
493 880 648 971 oppidum
674 903 881 972 nequaquam
908 890 975 948 tarn
997 865 1186 971 opulentum
1211 877 1251 946 ab
1266 876 1344 944 ·An-

230 985 359 1054 tiatibus
382 985 477 1078 cepit.
505 985 584 1052 dum
603 983 708 1076 Aequi
729 983 906 1076 Volscique
927 985 1091 1076 Romanos
1113 981 1272 1052 uentus
1297 991 1344 1048 te-

230 1099 323 1174 nent,
352 1089 462 1166 Sabini
486 1113 591 1182 usque
618 1090 659 1157 ad
686 1100 796 1182 portas
823 1088 911 1156 urbis
938 1088 1130 1180 populantes
1157 1087 1342 1188 ⁴incessere:

231 1193 345 1270 deinde
366 1194 428 1286 ipsi
449 1195 559 1286 paucis
581 1204 658 1286 post
679 1195 791 1264 diebus
813 1194 854 1262 ab
881 1193 1008 1262 duobus
1037 1191 1228 1262 exercitibus
1254 1202 1344 1260 utre

230 1317 294 1416 que
315 1321 375 1388 per
395 1299 476 1368 ἱιιιιι
497 1298 662 1369 consule
652 1321 794 1391 ingresso
816 1297 850 1367 in
871 1297 942 1368 fiatis
969 1297 1043 1390 plus
1072 1298 1210 1368 cladium
1238 1283 1345 1389 quam

183 1417 217 1474 ιο
228 1399 274 1468 int
260 1399 398 1471 tulerant
419 1415 621 1496 accepenmt.

319 1505 434 1578 LXIV.
478 1509 634 1578 Extremo
663 1531 747 1576 anuo
774 1507 863 1598 pacis
891 1506 1010 1599 aliquid
1038 1434 1099 1577 fuit
1119 1508 1177 1579 sed
1199 1517 1236 1575 ut
1257 1531 1343 1576 sem

228 1635 287 1702 per
310 1611 387 1680 alias
408 1613 565 1684 sollicitae
587 1613 759 1684 certamine
781 1624 909 1704 patrum
931 1624 964 1680 et
993 1613 1105 1705 plebis.
1143 1613 1222 1680 irata
1245 1613 1345 1703 plebs

227 1714 382 1786 interesse
404 1719 624 1788 cumularibus
646 1717 917 1788 comitiisnotuit.
938 1743 997 1810 per
1010 1731 1118 1813 patres
1139 1718 1343 1808 clientesque

226 1833 356 1911 patnun
378 1825 527 1894 consules
557 1825 654 1894 creati
676 1825 716 1892 Τ.
739 1823 908 1910 Quinctius
930 1823 972 1911 Q.
995 1824 1159 1893 Servilius.
1198 1822 1343 1892 similem

180 1939 215 1997 15
228 1947 348 1992 annum
369 1928 468 2019 priori
489 1929 639 1998 consules
661 1929 791 2012 babent,
812 1927 963 1997 seditiosa
984 1929 1087 2014 uitia,
1112 1929 1200 1996 bello
1223 1927 1343 1996 deinde

228 2038 362 2098 externo
379 2033 561 2123 tranquilla.
584 2032 694 2100 Sabini
709 2033 931 2101 Crustuminos
950 2057 1082 2124 cunpos
1097 2033 1193 2102 citato
1211 2033 1341 2124 agmine

229 2135 417 2222 transgressi
440 2159 515 2204 curn
537 2138 652 2208 caedes
675 2148 708 2208 et
728 2137 873 2210 incendia
896 2137 1016 2206 circum
1037 2126 1194 2206 ilnienem
1216 2137 1341 2208 flumen

206 2233 387 2321 iecissent,
410 2264 428 2308 a
451 2251 545 2332 porta
567 2263 669 2333 prope
684 2240 810 2309 Collina
831 2243 1064 2334 moenibusque
1086 2243 1170 2336 pulsi
1191 2244 1339 2334 ingentes

227 2347 338 2408 tamen
359 2343 495 2433 praedas
517 2344 929 2440 hominumpecorumque
951 2371 1061 2440 egere:
1085 2373 1168 2440 quos
1184 2349 1340 2419 Servilius

104 2505 108 2522 .
178 2461 214 2520 90
227 2446 340 2514 consul
361 2447 478 2518 inlesto
502 2447 644 2518 exercitu
665 2449 828 2520 insecutus
849 2453 956 2545 ipsum
978 2454 1109 2545 quidem
1137 2458 1256 2546 agmen
1274 2452 1338 2520 adi·

103 2601 106 2617 .
225 2551 305 2642 pisci
325 2553 436 2644 aequis
457 2553 538 2623 locis
560 2579 627 2623 non
647 2557 767 2648 putruit,
800 2559 1042 2651 populationem
1064 2560 1145 2626 adeo
1168 2559 1269 2626 effinse
1291 2558 1339 2628 le·

111 2699 115 2708 »
225 2657 269 2724 eit
285 2667 330 2744 ,ut
356 2657 435 2726 nibil
462 2659 550 2729 bellu
576 2661 732 2742 intactum
758 2662 953 2756 relinqueret
980 2663 1211 2756 multiplicique
1241 2673 1339 2755 capta

224 2761 343 2853 praeda
365 2764 492 2834 rediret.
527 2765 571 2873 Et
592 2766 626 2836 in
641 2767 770 2840 Volscis
790 2792 844 2840 res
865 2769 994 2862 publica
1010 2768 1134 2859 egregie
1149 2779 1239 2860 gesta
1259 2791 1336 2836 cum

741 2883 750 2916 l
1377 2909 1380 2915 .

243 2936 270 2996 1.
287 2938 492 3016 neglegentia:
510 2939 579 3013 ΡΜ]
596 2941 694 3019 neglig.
878 2941 1337 3020 dubitaretquinaollieitaeidpa·

242 3023 270 3082 3.
289 3031 323 3079 ut
338 3031 400 3080 tum
418 3045 469 3082 ree
487 3030 744 3103 erantopulentis
879 3032 922 3086 eie
940 3030 1061 3108 aliquid
1071 3028 1241 3088 referendum
1253 3039 1335 3092 esset.

291 3110 743 3188 simumocli.quumeoePl1.
814 3117 858 3177 11.
875 3127 957 3177 cuns.
983 3117 1129 3177 creuti.t.
1159 3117 1217 3190 (Μ.
1240 3126 1261 3184 l.
1285 3122 1334 3194 p.)

214 3186 266 3256 l.
285 3197 454 3256 Caenonem
475 3199 563 3256 uliud
587 3200 743 3276 oppidum.
877 3205 1046 3282 quinctius.
1058 3211 1087 3284 ᾷ.
1104 3204 1334 3268 seruiliusrplll.

284 3282 354 3358 ΡΜ]
383 3269 523 3344 (lenonem
551 3296 672 3350 eet-
701 3285 742 3345 Μ.
875 3325 908 3338 -
928 3290 1189 3354 Patrensibus.

283 3373 541 3449 oppulentum.-
574 3373 609 3432 P:
640 3377 1334 3455 coepit.17.caedec:Pt1.-t1:uincetta.

281 3457 322 3516 Μ.
341 3465 442 3542 coepit.
875 3467 968 3528 -Μ·
986 3479 1097 3549 aperta
1106 3469 1193 3545 plebe
1209 3467 1317 3527 collina.

238 3547 266 3603 8.
284 3547 332 3604 ab
339 3549 457 3608 duobus
470 3551 663 3610 exercitibus:
681 3548 741 3613 ΡΜ.
812 3557 856 3616 19.
874 3577 951 3634 quoa
987 3559 1130 3614 seruilius
1163 3557 1236 3612 erin:
1271 3552 1331 3620 ΡΜ

237 3634 294 3692 9.
282 3653 314 3692 ιιι
323 3633 420 3712 finer
413 3635 513 3696 ·.llm
525 3640 550 3697 1.
561 3637 629 3711 Ρ]
620 3659 650 3697 ru
662 3638 740 3700 fines
873 3663 958 3721 quas·
975 3642 1090 3704 ueriti.
1113 3637 1206 3696 Μ.
1231 3658 1329 3716 pecco-

280 3747 316 3762 ··-
341 3717 385 3778 Μ·
410 3722 471 3801 plus
487 3723 619 3806 gladium.
644 3728 740 3788 ιιι3..
872 3725 1152 3807 rumq·-·-:Pll1·ut
1169 3724 1238 3783 nibil
1253 3725 1327 3784 bellu

280 3743 428 3868 cladium.p
872 3819 1002 3874 intactum
1018 3813 1211 3890 relinquerent.

218 3892 261 3952 19.
279 3893 492 3955 sollicitan-
515 3895 586 3959 Pur
610 3901 738 3964 sollicite
808 3907 852 3966 93.
871 3923 948 3982 resp.
961 3902 1081 4004 egregie
1089 3909 1193 3980 gestu.-
1186 3863 1324 3979 alcun

278 4000 363 4056 puers
372 3985 539 4044 certamine
545 3985 680 4048 -Pucrs
689 3988 736 4052 ιιι
870 3990 1024 4064 aegraegiae
1041 3997 1128 4064 gesta:
1143 3987 1229 4048 lu.-
1244 3987 1272 4044 Μ
1287 4007 1322 4046 ιιι.

278 4068 410 4145 scriptum
427 4072 488 4128 sina
500 4071 583 4131 dubio
602 4073 689 4136 lueret
700 4077 735 4134 ab
868 4079 894 4136 1.
903 4073 942 4132 P:
954 4095 1021 4132 eum
1030 4075 1186 4148 desistunt.
1198 4075 1227 4134 Μ
1236 4075 1320 4134 m.3.:
1408 4139 1409 4142 Ἴ

278 4151 369 4232 aliquo
387 4175 468 4236 supra
486 4156 602 4233 lineam,
619 4181 654 4222 ue
671 4165 734 4242 quis
867 4174 931 4224 tum
942 4163 1020 4225 ducis
1031 4174 1094 4226 lum
1105 4165 1218 4224 militurn
1230 4179 1319 4242 opera.
