2838 4822
555 316 707 402 uuest.
924 379 929 389 t
1143 329 1184 398 15
1304 372 1307 393 .

85 523 130 569 ex
153 499 285 580 oonsilio
300 512 427 593 panum
441 503 597 572 Romulus
619 503 742 594 legatos
762 503 845 571 circa
866 503 985 572 vicinos
1003 515 1114 597 gentes
1128 495 1184 572 ini·

84 606 137 689 sit,
160 606 215 704 qui
237 595 423 682 societatem
443 607 681 697 conubiumque
702 631 788 676 novo
810 609 932 700 populo
958 619 1113 707 petenent.
1134 611 1183 677 ur'-
1408 623 1415 736 q

83 711 145 778 bes
167 735 298 832 quoque
320 705 482 782 ut'cetcm
504 736 545 780 ex
566 712 676 780 infimo
697 713 801 782 nasci:
823 712 896 780 dein
910 737 991 804 quas
1005 736 1061 784 suu
1083 715 1184 784 virtus

83 838 124 880 ac
148 814 190 881 db
214 817 332 901 iuvent,
354 839 484 908 maguus
506 815 906 910 sibi‘opes'magnumque
927 841 1046 886 nomen
1061 819 1182 886 ’lacere
1293 873 1297 890 .
1413 857 1415 864 ·

83 918 164 1000 satis
185 919 276 1012 scine,
298 920 409 1012 otiglni
430 922 594 990 Romanae
622 927 658 991 ct'
676 921 755 991 deos
781 923 919 990 adfuisse
946 933 980 990 et
1006 945 1071 988 non
1098 922 1215 988 debu-5
1254 912 1257 932 ‘

81 1033 192 1092 turem
218 1024 378 1094 vi1tutem.
404 1026 539 1118 proinde
565 1049 607 1094 ne
634 1037 838 1122 gquarqntur
864 1026 1010 1095 homines
1032 1023 1108 1106 cu'm
1129 1025 1184 1092 ho

79 1126 226 1223 minibus
247 1129 434 1221 sanguinem
456 1155 494 1199 ao
516 1131 782 1222 genusmisce're.
804 1155 963 1224 nusquam
984 1130 1120 1221 benigne
1142 1131 1185 1198 le·

82 1217 173 1322 gelio
196 1233 301 1302 audita
324 1247 389 1304 est:
411 1236 493 1304 adeo
507 1237 603 1304 simul
617 1237 811 1330 spemequ
825 1238 920 1307 simul
938 1248 1060 1310 tantam
1072 1230 1107 1302 ih
1120 1257 1186 1302 me.
1204 1243 1217 1262 ⁸

82 1335 139 1402 dio
158 1347 359 1421 crescentem
379 1340 502 1408 molem
523 1340 584 1408 sibi
606 1331 802 1434 ac'postciis
828 1329 894 1411 suis
922 1341 1119 1412 metuebant.
1148 1363 1186 1406 ac

81 1441 246 1533 plenisque
266 1443 475 1534 rogitantibus
495 1445 627 1531 dinn‘ssi,
657 1447 783 1540 ecquod
811 1445 938 1514 feminis
964 1463 1094 1537 quoque
1117 1467 1186 1535 osy-
1199 1455 1233 1510 to

82 1545 154 1615 lum
175 1548 409 1639 eppemissent,
436 1549 469 1616 id
496 1550 583 1618 enim
611 1551 748 1644 demu'm
769 1565 890 1642 'conpar
911 1539 1084 1619 conubium
1105 1548 1185 1614 lore.

4 1731 6 1744 Ι
84 1652 234 1741 eegreid
254 1652 399 1720 Romana
421 1652 524 1744 pubes
546 1633 803 1744 passffhuud
830 1655 926 1722 dubie
953 1655 996 1722 ad
1022 1654 1088 1720 vim
1115 1675 1186 1741 spe·

67 1764 174 1836 ‚ctare
194 1777 247 1821 res
269 1757 385 1844 coepit.
409 1757 460 1822 cui
481 1768 610 1846 tempus
632 1759 806 1847 locmnque
828 1745 940 1846 aptufn
960 1757 1109 1822 utdaret
1124 1755 1186 1822 Ro

83 1856 204 1942 mnus,
229 1858 457 1950 segentem
485 1845 580 1928 asim
608 1859 810 1927 dissimulans
838 1859 932 1927 noos
965 1881 1007 1928 ex
1033 1846 1186 1925 tnousffia

83 1972 177 2052 purat
201 1961 353 2053 Neptuno
381 1965 521 2056 equestri
546 1965 712 2033 sollemnis
740 1963 921 2049 Consualia.
949 1961 1045 2030 indici
1071 1961 1185 2030 deinde
1199 1977 1233 2032 15

83 2065 225 2134 finitimis
246 2069 466 2158 spectaculum
487 2069 586 2155 iubet,
613 2059 799 2167 quantbqqe
831 2079 986 2163 apparatu
1010 2079 1080 2136 tum
1107 2065 1185 2135 scie

85 2173 164 2242 bant
184 2183 241 2242 aut
259 2171 407 2264 poterunt
428 2163 669 2258 concelebuant,¹
682 2183 719 2242 ut
738 2195 810 2242 rem
822 2163 942 2240 clerani
957 2181 1185 2270 exspectatam-

85 2298 150 2366 que
171 2275 324 2346 fecerent.
345 2279 438 2348 multi
459 2278 613 2347 mortales
634 2301 822 2362 convenere,
843 2278 948 2348 studio
970 2262 1066 2348 etiam
1080 2278 1186 2347 viden·

84 2381 146 2448 dee
166 2405 271 2452 novae
292 2384 389 2468 urbis,
403 2407 554 2452 maxume
573 2383 712 2474 proximi
727 2381 856 2475 quique,
870 2383 1095 2467 Caeninenses,
1110 2381 1186 2450 Ouu-

4 2567 6 2570 ·
83 2478 224 2571 stomini,
245 2487 464 2556 Antemnates.
485 2487 550 2555 iem
570 2485 765 2555 Sabinorum
792 2488 896 2556 omnis
917 2489 1089 2557 multitudo
1111 2511 1184 2554 cum
1197 2498 1234 2554 lo
1340 2518 1342 2527 ·

84 2589 193 2657 liberis
215 2614 253 2657 ac
274 2591 461 2688 coniugibus
482 2591 579 2663 venit.
606 2591 729 2660 invitati
759 2591 959 2686 hospitaliter
985 2617 1044 2685 per
1070 2593 1185 2659 domos

85 2715 161 2761 cum
182 2693 279 2762 sitnm
299 2695 492 2787 moeniaque
512 2705 547 2762 et
566 2693 768 2784 bequentem
782 2698 875 2765 tectis
889 2699 1004 2765 urbem
1024 2696 1186 2778 vidissent,
1220 2705 1224 2716 “

85 2798 239 2868 mirentur
257 2807 325 2866 tam
346 2799 436 2869 brevi
456 2823 527 2868 rem
546 2797 727 2867 Romanum
754 2799 901 2868 crevisse.
929 2801 985 2867 ubi
1009 2799 1185 2891 spectaculi

25 2963 28 2976 .
84 2914 214 2994 tempus
234 2903 322 2972 venit
342 2905 533 2997 deditaeque
554 2905 595 2973 eo
617 2916 742 2974 mentes
763 2927 839 2973 oum
861 2904 962 2972 oculis
985 2914 1087 2988 erent,
1115 2915 1184 2972 tum

86 3031 127 3074 ex
149 3008 328 3098 composito
350 3021 419 3079 outa
440 3011 503 3095 vis,
525 3010 681 3102 signoque
710 3003 787 3078 diti
807 3010 955 3077 iuventus
976 3009 1119 3080 Romana
1143 3009 1183 3075 ad
1195 3019 1230 3076 lt

86 3111 254 3204 capiendas
268 3115 404 3206 virgines
420 3115 575 3184 discurrit.
589 3139 705 3206 magna
720 3139 795 3208 pars
811 3114 903 3199 torte,
924 3114 957 3182 in
972 3137 1070 3206 quem
1081 3138 1183 3205 quae-

86 3241 149 3307 que
169 3217 330 3303 inciderat,
351 3232 476 3311 raptae:
504 3221 659 3317 quasdem
687 3221 791 3290 foruna
813 3217 1014 3298 ‚excellentes
1040 3218 1182 3310 primori-
1296 3222 1302 3246 '⁴

103 3339 129 3398 ³.
147 3357 233 3414 quas.
251 3371 285 3382 -
302 3339 352 3400 ΡΜ
368 3361 404 3402 m.
422 3345 462 3402 1.:
475 3363 544 3420 quo.
730 3351 781 3402 cat.
800 3341 881 3415 [Aur.
899 3340 934 3402 V.
952 3345 984 3398 Ως
1001 3339 1093 3396 ludos
1107 3337 1182 3395 con-

102 3425 128 3483 ·l.
146 3443 273 3503 magnas
288 3429 348 3494 stoi
364 3448 434 3504 opes
445 3447 597 3507 magnum-
727 3431 855 3500 sualim]
1087 3452 1088 3458 ¹

147 3531 205 3590 que
221 3531 328 3570 nomen
336 3513 462 3586 facere:
478 3515 523 3588 Μ]
541 3525 596 3576 mu*
641 3513 1024 3586 '¹19.·maoumeproxtmt:
1042 3511 1114 3586 ΡΜ]
1126 3533 1180 3570 mn·

145 3619 211 3676 gnus
242 3601 309 3680 opes
338 3600 391 3657 sibi
420 3619 597 3682 magnumque
621 3627 624 3632 ·
728 3604 801 3659 xime
819 3600 946 3680 proximi.
1039 3613 1043 3630 ¹
1092 3641 1098 3650 .

144 3707 244 3746 nomen
261 3686 357 3748 lucere.
635 3706 637 3710 ·
667 3694 711 3750 25.
729 3690 772 3748 ad
788 3687 951 3766 capiendas
967 3687 1116 3766 uirgines:
1134 3685 1179 3758 P]

31 3839 36 3848 Ι
102 3777 129 3835 T.
146 3795 197 3836 ac:
214 3773 273 3835 ΡΜ.
499 3823 503 3831 .
731 3777 765 3836 ad
783 3775 924 3856 rapiendus
941 3775 1068 3850 virgines.

31 3891 37 3898 -
90 3863 130 3949 1⁰·
146 3853 609 3942 ocplerisqueePlIJaplerisque.'
668 3865 711 3925 26.
730 3867 761 3920 in
786 3883 872 3940 quem
891 3881 998 3938 quaeq.
1016 3860 1180 3940 insiderat.-

89 3949 132 4008 10.
149 3950 267 4024 asylum
273 3951 531 4027 apparuissentsP]
537 3972 596 4028 osy·
719 3947 1179 4028 Plll]utinquemquaeq.iuoiderut.

146 4033 343 4114 lnmaperniss.
361 4065 396 4080 -
410 4035 596 4117 Meetquod.
666 4041 710 4101 27.
728 4039 923 4096 excellentes:
953 4033 998 4116 [i]
1026 4033 1179 4093 excellente.
1247 4092 1260 4124 7

35 4193 38 4200 Ι
89 4124 129 4182 15.
146 4123 314 4180 sollemnise
331 4123 403 4197 ΡΜ]
422 4124 565 4185 sollennes.
726 4155 762 4169 -·
779 4123 808 4182 Μ
825 4145 861 4183 m.
881 4127 919 4183 1.:
945 4121 1076 4199 quasdam
1094 4125 1178 4180 forma

87 4240 120 4254 -
146 4209 324 4269 Consualia:
335 4209 378 4285 Μ]
391 4209 535 4272 Consualia
548 4234 594 4275 vo·
730 4211 876 4284 excellente
887 4219 951 4270 sunt
961 4209 1125 4288 primoribus
1132 4231 1178 4288 po·

4 1845 13 1884 l
