2832 4720
157 227 159 237 ’
220 258 286 330 stt
394 284 412 370 j
689 267 858 332 susurru

221 433 363 502 stitutarn
385 430 556 502 credebant
575 453 645 500 reru
665 431 836 520 publicam.
874 431 984 500 consul
1004 431 1097 516 alter,
1118 453 1234 500 comes
1269 431 1345 503 ani·

221 537 341 607 mosius
362 559 459 626 quam
482 539 602 617 streton
622 536 799 626 suscepisse
821 535 976 626 collegam
996 536 1135 627 priorem
1156 535 1347 606 actionem

221 654 288 712 tarn
309 641 410 733 gravis
433 640 478 710 rei
499 639 591 707 lacile
611 661 739 727 passus,
765 639 796 708 in
819 640 1005 731 peragendis
1026 639 1198 708 consularis
1220 639 1345 710 officii

220 758 344 838 partem
365 746 406 816 ad
427 769 463 816 se
484 742 670 812 vindicabat.
707 753 778 812 tum
797 744 916 812 tribuni
938 745 1102 815 eludentes
1122 745 1213 814 velut
1235 769 1342 814 vana

192 852 304 922 edicta
324 848 474 942 persequi
486 849 677 938 quaerendo
700 872 838 938 quonam
861 849 959 918 medo
977 848 1151 918 exercitum
1172 849 1342 918 educturi

221 956 369 1034 consides
400 965 519 1036 essent,
553 975 634 1044 quos
656 951 806 1022 dilectum
832 952 950 1022 habere
972 978 1067 1024 nene
1091 977 1246 1045 passinus
1276 955 1341 1022 sit.

220 1061 335 1144 „nobis
356 1063 458 1128 vero“
479 1057 582 1148 inquit
596 1055 761 1148 Quinctius
782 1057 884 1142 „nihil
906 1058 1024 1128 dilectu
1046 1081 1127 1150 opus
1150 1068 1208 1142 est,
1243 1083 1338 1128 cum

221 1188 286 1256 quo
309 1176 454 1255 tempore
475 1163 511 1230 P.
534 1160 679 1234 Valerius
702 1161 743 1230 ad
769 1163 988 1254 recipiundum
1009 1158 1205 1254 Capitulium'
1231 1187 1337 1232 arma

219 1268 306 1358 plebi
326 1269 422 1351 dedit,
444 1285 555 1335 omnes
577 1266 610 1332 in
630 1266 727 1336 verba
748 1267 918 1336 iuraverint
938 1279 1152 1340 conventuros
1169 1291 1206 1336 se
1228 1267 1335 1336 iussu

173 1389 207 1444 10
220 1373 360 1446 cousulis
381 1395 441 1441 uec
462 1371 583 1440 iniussu
605 1369 754 1440 abiturus.
794 1372 946 1442 edicimus
966 1372 1091 1462 itaque,
1124 1395 1238 1440 omnes
1260 1372 1333 1463 qui

219 1476 251 1542 in
273 1477 370 1544 verba
391 1476 523 1560 iurastis,
546 1474 680 1544 crastina
703 1475 753 1546 die
775 1478 888 1546 armati
905 1477 945 1545 ad
961 1475 1069 1546 lacum
1083 1475 1245 1568 Regillum
1265 1478 1332 1548 ad-

219 1579 322 1648 sitls“.
355 1580 494 1652 cavillari
514 1590 585 1652 tum
607 1579 723 1648 tribuni
744 1591 778 1662 et
798 1581 955 1673 populum
976 1580 1143 1652 exsolvere
1163 1582 1330 1674 religione

217 1685 316 1754 velle:
352 1685 511 1778 privatum
539 1707 579 1754 eo
606 1694 751 1775 tempore
773 1673 938 1776 Quiulium
964 1685 1077 1770 esee,
1116 1711 1191 1754 cum
1215 1710 1330 1756 secra·

218 1801 327 1861 ruente
350 1789 453 1862 adacti
474 1789 547 1860 sint.
584 1787 642 1856 sed
663 1789 807 1861 nondum
827 1792 910 1860 haec
931 1815 1014 1884 quae
1035 1813 1120 1858 nunc
1143 1802 1229 1862 tenet
1249 1814 1329 1860 sae·

160 1988 164 1997 ,
236 1931 262 1994 3.
280 1937 342 1984 tam
357 1929 465 2006 ysaie
486 1929 533 1986 rei
546 1926 646 1998 facile
664 1947 733 2003 pss-

282 2036 351 2074 sus:
360 2013 439 2074 voss.
449 2033 476 2074 u.
486 2043 520 2056 ··-
532 2011 563 2068 ln
572 2013 706 2074 Plldlarl.
715 2034 733 2078 r,

279 2101 357 2164 Leia
374 2121 393 2164 r.
416 2099 518 2160 excidit
529 2102 590 2161 sci.
617 2133 651 2143 -
680 2100 733 2158 lla·

280 2209 365 2248 vere:
383 2199 438 2246 tam
455 2207 563 2262 grauem
581 2186 658 2244 facile
676 2209 704 2265 p.

865 1929 917 1990 cile
932 1951 1041 2010 passus,
1061 1932 1091 1988 in
1107 1931 1260 2012 peragendo
1279 1934 1325 1989 rei

865 2017 989 2096 publicae
1020 2017 1115 2076 deesse
1150 2018 1258 2076 solebat
1292 2029 1325 2076 et

865 2124 942 2164 susm
958 2107 1012 2164 silri
1027 2115 1130 2182 partem
1152 2105 1236 2166 cilicii
1254 2127 1323 2164 ces·

864 2190 962 2250 salarie
982 2191 1149 2252 vindicabat:
1177 2214 1231 2263 „er
1251 2193 1322 2252 liess

228 2305 263 2322 υ-
282 2275 312 2330 in
319 2269 500 2354 peragendis
509 2275 677 2335 consularis
687 2274 733 2348 of·

275 2361 346 2438 ficii
359 2371 474 2438 partem
491 2360 535 2418 as
550 2381 584 2418 se
602 2362 732 2422 uindica-

280 2449 345 2506 tat:
356 2448 415 2510 cad.
425 2448 511 2508 Rhea.
521 2447 596 2509 Harl.
604 2469 621 2510 1.
631 2448 731 2514 [reida.

281 2567 316 2580 -
333 2535 374 2594 tt:
396 2538 425 2593 in
441 2539 593 2616 peragentis
611 2538 731 2598 consula·

279 2624 317 2680 ris
335 2623 419 2682 efficii
435 2635 548 2704 partem.
570 2623 606 2682 P:
624 2628 653 2683 in
669 2647 730 2709 per.

277 2711 386 2786 agendis
405 2709 552 2770 consularis
565 2710 731 2774 consularem

167 2791 175 2806 “
280 2797 363 2857 officii
379 2809 493 2875 partem.
510 2830 546 2845 --
567 2798 731 2883 Interpretes

277 2883 376 2941 frustra
418 2887 568 2956 sudarunt,
615 2907 750 2968 quanam¹

278 2970 476 3040 emendatione,
499 2991 560 3028 cum
580 2971 675 3030 Livius
697 2975 729 3029 in

272 3057 455 3137 peragendis
472 3057 641 3116 consularis
659 3057 729 3133 ⁰ffi·

280 3141 322 3197 cii
337 3141 455 3198 scribere
468 3161 523 3200 non
540 3143 671 3217 potuerit,
688 3145 730 3202 in«

280 3235 380 3304 tegram
403 3229 552 3289 oraticnem
578 3229 729 3290 restituisse

238 3339 240 3348 ·
275 3313 439 3384 riderentur,
457 3336 517 3374 sum
531 3335 586 3374 nen
598 3313 727 3394 intellige,

274 3411 335 3458 rent
355 3405 524 3468 consularis
547 3403 641 3482 officii
659 3402 728 3466 nihil
764 3435 765 3440 ¹
798 3408 800 3420 '

271 3491 407 3568 pertinere
424 3492 458 3550 ed
477 3491 661 3572 peragendis
678 3490 728 3552 sed

274 3573 309 3632 ad
323 3587 453 3658 partem:
477 3579 506 3641 id
524 3579 597 3660 quod
615 3599 663 3639 ees
680 3598 726 3634 sn-

273 3659 363 3733 tiquos
390 3661 515 3724 librarius
542 3686 597 3728 aua
623 3664 727 3740 legeras

177 3800 180 3807 ¹
274 3746 320 3818 qui
339 3748 568 3825 interpretationis
591 3773 671 3810 sauss
691 3752 728 3814 ait

273 3833 440 3892 consularis
449 3835 649 3923 adscripserunt
660 3859 726 3897 con·

820 2353 822 2361 Α
864 2297 903 2346 es,
924 2276 963 2336 als
981 2299 1010 2336 es
1029 2300 1090 2338 sum
1106 2279 1229 2338 Handeln
1246 2280 1327 2352 kern,

862 2385 897 2422 en
919 2363 968 2423 der
984 2387 1039 2424 ren
1061 2365 1117 2426 ihm
1135 2367 1173 2425 als
1193 2367 1319 2426 Consuln

845 2465 896 2510 'zu
928 2455 1116 2514 erwertenden
1141 2455 1320 2515 Pfliclrttreue

862 2541 919 2600 und
948 2542 1124 2602 Theilnshme
1153 2542 1228 2600 nieht
1257 2543 1318 2600 lela-

862 2628 939 2690 len“.
968 2633 1005 2688 ita
1023 2653 1046 2696 c.
1064 2634 1109 2692 21.
1128 2631 1182 2690 dici
1199 2640 1319 2708 poterat,

861 2719 1319 2791 consulibus(nonconsule)re-

860 2805 1056 2862 clamantibus
1064 2807 1187 2863 tribunos
1200 2803 1318 2862 relectas

862 2909 929 2947 esse.
947 2921 981 2931 -
998 2889 1033 2948 P:
1051 2892 1197 2968 querendo.
1262 2951 1267 2956 ,
1336 2911 1338 2924 ¹

815 2977 843 3034 6.
861 2975 1015 3034 dilectum:
1032 2975 1101 3050 ΡΜ]
1121 2976 1262 3038 delectum.
1346 3015 1349 3027 ·

808 3092 843 3108 «ι-
858 3079 1008 3134 passurus
1034 3064 1089 3120 eit.-
1115 3061 1158 3136 P]
1186 3083 1316 3139 passurus

860 3156 932 3203 esset
949 3143 1019 3216 Ulli:
1034 3178 1069 3196 -ι
1094 3146 1158 3205 Plll:
1176 3151 1315 3228 quinctius

859 3231 928 3315 nihil
945 3231 1052 3294 delectu.

815 3321 842 3386 8,
859 3320 1314 3398 adrecipiuudumellcod.lihen.
1333 3303 1335 3313 Ι

860 3405 895 3466 ad
904 3406 1101 3486 recipiendum:
1110 3409 1261 3474 P.-ttm.
1274 3415 1312 3471 l.:

858 3496 964 3554 iussum
986 3507 1060 3562 eone.
1084 3529 1118 3546 η
1144 3498 1180 3557 P:
1207 3500 1312 3560 iniussu

859 3581 1008 3647 habituros.

798 3668 841 3729 11.
859 3669 998 3728 iurastis:
1014 3669 1042 3726 tl
1059 3690 1094 3732 m.
1111 3673 1138 3730 3.
1154 3670 1185 3730 P.
1198 3673 1310 3734 iuratis:

856 3755 884 3812 Μ
895 3778 931 3815 m.
945 3760 970 3820 1.
980 3754 1044 3813 -P
1060 3779 1096 3817 m.
1115 3761 1154 3816 l.:
1170 3759 1313 3842 popolum..

798 3843 842 3903 ll.
859 3843 963 3901 adacti
977 3847 1050 3903 sint:
1068 3843 1126 3911 Pil.

273 3919 412 3982 sularcm.
440 3918 472 3982 C.
491 3922 621 3984 Claudius
645 3929 727 4003 igitur
771 3950 778 3958 ·
806 3960 840 3976 -
858 3931 1011 3990 saeculum
1022 3933 1218 4012 neclegentia:
1236 3933 1305 3993 llrn.

273 4007 422 4084 suscepisse
451 4008 578 4085 collegam
608 4015 726 4093 priorem

273 4097 326 4147 tam
340 4097 428 4165 grauis
441 4097 554 4156 aetionis
567 4109 671 4180 partem
688 4099 702 4157 l
715 4131 725 4148 ·

861 4022 885 4076 1.
908 4045 943 4063 -·
964 4017 992 4081 lll
1010 4041 1045 4078 m.
1068 4021 1095 4080 3.
1112 4019 1147 4079 P:
1170 4021 1305 4098 neglcgen-
1345 4091 1349 4102 Ι

858 4103 905 4162 tia.
923 4131 957 4154 -ι
974 4103 1036 4166 Plu:
1054 4107 1278 4185 interpraetando.
