2836 4720
221 259 322 370 rsa'
612 365 614 377 ,
683 313 791 372 arara
808 313 842 374 u.

218 477 321 544 effuso
348 501 443 546 cursu
469 477 597 544 insidias
624 475 705 544 circa
732 475 836 567 ipsum
862 475 922 544 iter
950 476 1071 544 locatas
1104 493 1320 567 superassent,

217 579 378 672 palatique
400 582 519 673 passim
539 606 619 673 vaga
641 617 685 630 --
706 592 743 647 ut
763 580 799 648 frt
820 599 940 672 pavore
960 580 1076 650 iniecto
1100 617 1143 630 -
1169 598 1322 672 raperent
1412 619 1413 624 ¹

218 707 349 775 pecora,
372 687 477 756 subito
500 711 541 755 ex
564 684 679 754 insidiis
702 687 904 776 consurgitur
923 695 956 752 et
977 685 1100 752 adversi
1122 697 1155 755 et
1175 688 1321 779 undique

218 789 327 858 hostes
342 803 442 860 erant.
464 793 568 882 primo
579 791 700 858 clamor
710 789 913 857 circumlatus
923 790 1082 872 exterruit,
1106 791 1178 860 dein
1195 793 1260 860 tela
1277 794 1319 860 ab

182 891 304 962 somni
325 908 416 985 parte
428 897 626 966 accidebant:
649 894 902 986 coeuntibusque
911 895 1053 962 Etnrscis
1068 895 1132 961 iam
1143 897 1321 966 continenti

217 997 343 1088 agmine
370 1011 565 1070 annntonrm
590 999 707 1092 saepti,
738 1022 804 1090 quo
832 999 931 1088 magis
957 1023 993 1066 se
1020 997 1122 1066 hostis
1152 999 1320 1088 inferebat,

217 1103 412 1192 cogebantur
439 1105 584 1174 breviore
612 1103 714 1195 spatio
744 1114 777 1170 et
790 1095 864 1195 'ipsi
893 1104 1007 1172 orbem
1031 1103 1196 1195 colligere:
1233 1131 1321 1198 quae

216 1229 267 1272 res
291 1218 323 1274 et
344 1210 536 1298 paucitatem
559 1231 672 1277 eorum
692 1208 847 1298 insignem
869 1218 902 1278 et
918 1207 1154 1276 multitudinem
1169 1209 1341 1289 Etrusco,

217 1331 288 1376 rum
319 1313 533 1404 multiplicatis
565 1315 598 1382 in
626 1325 694 1381 arto
724 1313 884 1382 ordinibus
911 1311 1058 1379 iaciebat.
1095 1322 1165 1382 tum
1199 1316 1318 1384 omissa

170 1423 321 1504 repugna
344 1441 442 1506 quam
463 1419 496 1485 in
517 1440 630 1487 omnes
653 1418 750 1509 partis
778 1441 889 1508 parem
916 1417 1136 1512 intenderant·
1163 1419 1195 1484 in
1215 1443 1318 1486 unum

216 1517 325 1585 locum
347 1543 382 1590 se
403 1545 515 1590 onmes
537 1523 704 1591 inclinant:
733 1545 773 1590 eo
795 1521 856 1588 nisi
877 1521 1063 1614 corporibus
1086 1521 1245 1614 armisque
1267 1549 1319 1592 ru·

216 1645 293 1712 pere
315 1646 419 1694 cuneo
440 1626 536 1695 viam.
558 1627 650 1696 duxit
670 1627 721 1694 via
743 1627 776 1694 in
798 1626 919 1694 editum
940 1625 1052 1694 leniter
1077 1625 1204 1694 collem.
1241 1628 1317 1696 inde

215 1725 318 1818 primo
341 1732 494 1800 restitere.
529 1757 607 1800 mox
628 1744 666 1800 ut
689 1731 862 1825 respirandi
889 1729 1034 1823 superior
1060 1729 1151 1798 locus
1178 1729 1318 1824 spatirrm

215 1831 302 1902 dedit
323 1835 559 1928 recipiendique
582 1863 600 1906 a
623 1861 743 1928 pavore
764 1846 854 1904 tanto
872 1836 1022 1917 animum,
1045 1833 1197 1928 pepulere
1220 1839 1317 1905 etiam

169 1943 202 2000 15
215 1936 401 2023 subeuntes,
435 1941 668 2032 vincebantque
697 1941 814 2010 auxilio
842 1939 907 2010 loci
933 1939 1076 2029 paucitas
1102 1940 1136 2006 ni
1158 1940 1237 2032 iugo
1260 1942 1317 2010 cir-

215 2041 405 2109 cummissus
427 2042 546 2112 Veiens
568 2047 601 2112 in
622 2047 775 2114 verticem
797 2045 887 2114 collis
910 2043 1073 2112 evasisset.
1105 2043 1149 2112 ita
1171 2049 1316 2137 superior

214 2165 321 2210 rursus
343 2145 445 2214 hostis
467 2149 580 2218 factus.
602 2150 682 2218 Fabi
703 2151 787 2218 caesi
809 2149 850 2216 ad
864 2170 964 2214 unum
982 2170 1094 2216 omnes
1112 2151 1315 2239 praesidium·

211 2255 278 2334 'que
301 2264 528 2340 expugnatum.
551 2265 712 2324 trecentos
733 2277 792 2322 sex
808 2251 928 2344 perisse
944 2252 1020 2320 satis
1036 2255 1193 2340 convenit,
1214 2279 1315 2323 unum

213 2373 315 2444 prope
337 2353 492 2440 puberem
514 2369 617 2427 aetate
640 2360 794 2441 relictrun,
815 2358 946 2448 stirpem
963 2358 1049 2447 genti
1061 2358 1178 2426 Fabiae
1202 2361 1314 2428 dubiis-
1411 2373 1412 2386 ¹

166 2463 201 2516 20
214 2477 278 2545 que
304 2457 400 2528 rebus
428 2463 540 2552 populi
566 2464 702 2534 Romani
719 2485 825 2555 *saepe
855 2461 942 2532 domi
968 2462 1109 2554 bellique
1136 2464 1190 2534 vel
1217 2465 1313 2532 maxi·

125 2587 131 2592 ·
212 2582 303 2630 muru
324 2561 467 2632 futurum
488 2568 649 2636 auxilium.

299 2665 351 2738 LI.
396 2667 481 2741 Cum
502 2671 583 2742 haec
606 2685 736 2764 accepta
758 2671 864 2741 clades
892 2683 992 2756 esset,
1018 2672 1082 2740 iarn
1105 2672 1142 2742 C.
1162 2672 1314 2740 Horatius

212 2780 246 2836 et
267 2770 306 2840 Τ.
329 2771 496 2843 Menenius
519 2779 668 2866 consules
690 2787 789 2846 erant.
825 2775 991 2845 Menenius
1013 2777 1165 2850 adversus
1187 2778 1313 2846 Tuscos

212 2873 343 2944 victoria
366 2876 469 2945 elatos
491 2881 660 2954 confestim
681 2883 808 2951 missus.
845 2891 916 2948 tum
937 2905 1068 2973 quoque
1091 2881 1174 2950 male
1195 2889 1314 2975 pugna·

163 2983 198 3040 25
211 2987 281 3046 tum
304 2989 353 3046 est
374 2991 408 3047 et
429 2981 604 3054 Ianiculum
624 2987 735 3058 hostes
763 3009 977 3077 occupavere,
1011 2986 1207 3078 obsessaque
1235 2988 1313 3054 urbs

228 3115 254 3174 l.
272 3116 357 3175 dein.-
374 3117 432 3180 ΡΜ
450 3155 484 3170 -··
796 3127 840 3187 16.
859 3127 1022 3184 euasisset:
1040 3125 1099 3186 ΡΜ.

227 3220 254 3282 5.
272 3221 459 3284 accidebant.-
477 3225 552 3288 Harl.
571 3249 588 3288 r.
615 3230 724 3291 aceede·
797 3211 1007 3288 17·ῙοΡί·’Ῑ’]
1026 3214 1113 3274 nhil·

271 3313 348 3370 bant:
371 3309 428 3372 ΡΜ.
455 3345 490 3360 -
515 3314 550 3373 P:
578 3320 725 3378 confluenti
796 3301 948 3378 18·””,””’
975 3321 1069 3380 vr⁰1²0
1096 3301 1237 3379 PPPmm
1264 3321 1311 3359 Μ·

272 3397 415 3474 ἰηῃςιῃῑῃρ,
433 3431 469 3444 ..
485 3401 529 3461 Μ,
547 3407 648 3484 saepti·
857 3395 934 3446 tote:
958 3388 1017 3450 ΡΜ.
1039 3421 1075 3438 ··-
1104 3391 1124 3450 l.
1147 3387 1192 3448 Fr.
1214 3389 1312 3450 Gran:

858 3483 993 3537 aetatem.
1005 3509 1039 3526 -—
1059 3477 1134 3538 tta.
1147 3480 1171 3535 1.
1191 3477 1223 3532 P:
1243 3479 1313 3532 stir-

854 3581 923 3642 pem
939 3568 1023 3645 genti
1031 3566 1149 3638 fabiae.
1166 3562 1193 3617 Μ
1213 3579 1249 3620 m.
1269 3562 1310 3619 3.:

858 3650 955 3724 gentis.
974 3683 1018 3697 ·-·-
1033 3649 1070 3706 P:
1089 3648 1247 3720 dubiisque
1264 3667 1310 3704 re·

855 3737 911 3793 bue
924 3780 931 3795 .
942 3757 971 3814 p.
990 3758 1014 3797 r.
1029 3735 1069 3792 lll:
1088 3734 1247 3807 dubiisque
1264 3753 1309 3790 re·
1356 3751 1359 3758 ’

185 3867 187 3878 .
856 3823 910 3880 bns
919 3824 978 3896 pir.
996 3823 1023 3881 h.
1035 3830 1057 3879 ε’.
1067 3821 1173 3896 populi
1184 3823 1309 3882 romani.

210 3878 251 3935 1¹·
269 3880 721 3968 0⁰⁷²²⁸i⁶⁰ra⁰r1luwmiesa0=
793 3909 839 3967 ss.
856 3917 886 3966 a
906 3911 938 3968 r.
956 3909 1125 3967 uomas:
1143 3907 1204 3968 eu.

270 3961 328 4027 PM·
346 3999 380 4013 '⁸
398 3968 459 4030 PM‘
477 3973 584 4035 leuilef·
794 3996 837 4054 24.
857 3997 982 4054 uictoria
998 3996 1111 4054 elatos:
1132 3993 1163 4056 P.
1183 3996 1309 4056 uictoria

211 4068 253 4128 15.
283 4072 511 4151 vincebantque:
550 4076 573 4137 Ρ
604 4077 677 4138 Harl.
705 4098 724 4139 1.
857 4082 973 4140 illatos:
991 4079 1066 4143 Harl.
1082 4101 1099 4142 1.
1119 4085 1253 4149 uictoriae
1270 4081 1307 4136 la·

270 4153 348 4217 brit.
364 4161 402 4234 1.]
421 4163 604 4244 vincebatque.
856 4177 913 4226 tos:
929 4167 966 4230 Μ.

226 3501 253 3558 7.
272 3521 349 3576 quae
366 3515 464 3563 res-et
478 3510 671 3596 ppueitotem:
688 3509 725 3576 tl.

270 3607 327 3662 que,
335 3609 379 3645 res
391 3595 567 3666 paucitatem:
579 3595 610 3659 P.
618 3629 652 3640 -
662 3588 723 3658 PM:

270 3675 300 3730 in
318 3684 393 3738 orta.

210 3777 252 3834 10.
267 3778 380 3852 partis:
397 3777 438 3852 P]
457 3794 556 3857 partes.
