<?xml version="1.0" encoding="UTF-8"?>
<!DOCTYPE html PUBLIC "-//W3C//DTD XHTML 1.0 Transitional//EN"
    "http://www.w3.org/TR/xhtml1/DTD/xhtml1-transitional.dtd">
<html xmlns="http://www.w3.org/1999/xhtml" xml:lang="en" lang="en">
 <head>
  <title>
</title>
<meta http-equiv="Content-Type" content="text/html;charset=utf-8" />
  <meta name='ocr-system' content='tesseract 3.04.00' />
  <meta name='ocr-capabilities' content='ocr_page ocr_carea ocr_par ocr_line ocrx_word'/>
</head>
<body>
  <div class='ocr_page' id='page_1' title='image "./titilivirerumro02alscgoog_0592.png"; bbox 0 0 2750 4720; ppageno 0'>
   <div class='ocr_carea' id='block_1_1' title="bbox 529 267 1254 375">
    <p class='ocr_par' dir='ltr' id='par_1_1' title="bbox 529 267 1254 375">
     <span class='ocr_line' id='line_1_1' title="bbox 529 267 1254 375; baseline 0.001 -21"><span class='ocrx_word' id='word_1_1' title='bbox 529 293 637 354; x_wconf 79' lang='lat' dir='ltr'><strong>arara</strong></span> <span class='ocrx_word' id='word_1_2' title='bbox 655 293 689 355; x_wconf 86' lang='lat' dir='ltr'><strong>v.</strong></span> <span class='ocrx_word' id='word_1_3' title='bbox 840 360 845 375; x_wconf 55' lang='grc'>,</span> <span class='ocrx_word' id='word_1_4' title='bbox 1096 283 1162 354; x_wconf 82' lang='grc'><strong>579</strong></span> <span class='ocrx_word' id='word_1_5' title='bbox 1252 267 1254 277; x_wconf 84' lang='lat'>&#39;</span> 
     </span>
    </p>
   </div>
   <div class='ocr_carea' id='block_1_2' title="bbox 44 442 1161 863">
    <p class='ocr_par' dir='ltr' id='par_1_2' title="bbox 45 442 1161 654">
     <span class='ocr_line' id='line_1_2' title="bbox 45 442 1161 548; baseline -0.002 -18"><span class='ocrx_word' id='word_1_6' title='bbox 45 463 112 530; x_wconf 89' lang='lat' dir='ltr'><strong>bus</strong></span> <span class='ocrx_word' id='word_1_7' title='bbox 141 458 214 531; x_wconf 83' lang='lat' dir='ltr'><strong>suis</strong></span> <span class='ocrx_word' id='word_1_8' title='bbox 248 442 432 528; x_wconf 78' lang='lat' dir='ltr'><strong>trucidatos.</strong></span> <span class='ocrx_word' id='word_1_9' title='bbox 468 465 544 548; x_wconf 88' lang='lat' dir='ltr'><strong>post</strong></span> <span class='ocrx_word' id='word_1_10' title='bbox 569 454 748 546; x_wconf 83' lang='lat' dir='ltr'><strong>principum</strong></span> <span class='ocrx_word' id='word_1_11' title='bbox 776 455 907 526; x_wconf 83' lang='lat' dir='ltr'><strong>eaedem</strong></span> <span class='ocrx_word' id='word_1_12' title='bbox 935 455 1013 526; x_wconf 88' lang='lat' dir='ltr'><strong>nulli</strong></span> <span class='ocrx_word' id='word_1_13' title='bbox 1047 448 1161 528; x_wconf 84' lang='lat' dir='ltr'><strong>rieindo</strong></span> 
     </span>
     <span class='ocr_line' id='line_1_3' title="bbox 45 539 987 654; baseline -0.006 -18"><span class='ocrx_word' id='word_1_14' title='bbox 45 563 251 636; x_wconf 79' lang='lat' dir='ltr'><strong>mortalium</strong></span> <span class='ocrx_word' id='word_1_15' title='bbox 266 562 363 654; x_wconf 88' lang='lat' dir='ltr'><strong>parci,</strong></span> <span class='ocrx_word' id='word_1_16' title='bbox 385 559 474 652; x_wconf 89' lang='lat' dir='ltr'><strong>diripi</strong></span> <span class='ocrx_word' id='word_1_17' title='bbox 496 569 590 644; x_wconf 86' lang='lat' dir='ltr'><strong>tecta,</strong></span> <span class='ocrx_word' id='word_1_18' title='bbox 612 539 774 629; x_wconf 79' lang='lat' dir='ltr'><strong>exhauslis</strong></span> <span class='ocrx_word' id='word_1_19' title='bbox 796 561 868 630; x_wconf 87' lang='lat' dir='ltr'><strong>iaici</strong></span> <span class='ocrx_word' id='word_1_20' title='bbox 889 561 987 653; x_wconf 85' lang='lat' dir='ltr'><strong>ignes.</strong></span> 
     </span>
    </p>

    <p class='ocr_par' dir='ltr' id='par_1_3' title="bbox 44 665 1160 863">
     <span class='ocr_line' id='line_1_4' title="bbox 140 665 1160 738; baseline -0.001 0"><span class='ocrx_word' id='word_1_21' title='bbox 140 668 246 738; x_wconf 88' lang='lat' dir='ltr'><strong>XLII.</strong></span> <span class='ocrx_word' id='word_1_22' title='bbox 290 665 442 734; x_wconf 78' lang='lat' dir='ltr'><strong>Ceterum</strong></span> <span class='ocrx_word' id='word_1_23' title='bbox 463 687 522 734; x_wconf 89' lang='lat' dir='ltr'><strong>seu</strong></span> <span class='ocrx_word' id='word_1_24' title='bbox 543 689 609 734; x_wconf 88' lang='lat' dir='ltr'><strong>non</strong></span> <span class='ocrx_word' id='word_1_25' title='bbox 624 665 772 734; x_wconf 84' lang='lat' dir='ltr'><strong>omnibus</strong></span> <span class='ocrx_word' id='word_1_26' title='bbox 787 667 913 734; x_wconf 88' lang='lat' dir='ltr'><strong>delendi</strong></span> <span class='ocrx_word' id='word_1_27' title='bbox 926 667 1040 736; x_wconf 88' lang='lat' dir='ltr'><strong>urbem</strong></span> <span class='ocrx_word' id='word_1_28' title='bbox 1061 669 1160 738; x_wconf 91' lang='lat' dir='ltr'><strong>libido</strong></span> 
     </span>
     <span class='ocr_line' id='line_1_5' title="bbox 44 768 1160 863; baseline -0.007 -15"><span class='ocrx_word' id='word_1_29' title='bbox 44 788 136 862; x_wconf 87' lang='lat' dir='ltr'><strong>erat,</strong></span> <span class='ocrx_word' id='word_1_30' title='bbox 172 795 236 840; x_wconf 89' lang='lat' dir='ltr'><strong>seu</strong></span> <span class='ocrx_word' id='word_1_31' title='bbox 262 771 306 839; x_wconf 82' lang='lat' dir='ltr'><strong>ita</strong></span> <span class='ocrx_word' id='word_1_32' title='bbox 340 770 503 861; x_wconf 81' lang='lat' dir='ltr'><strong>placuerat</strong></span> <span class='ocrx_word' id='word_1_33' title='bbox 528 768 722 863; x_wconf 85' lang='lat' dir='ltr'><strong>principibus</strong></span> <span class='ocrx_word' id='word_1_34' title='bbox 751 770 917 840; x_wconf 81' lang='lat' dir='ltr'><strong>Gallorum</strong></span> <span class='ocrx_word' id='word_1_35' title='bbox 949 784 983 840; x_wconf 88' lang='lat' dir='ltr'><strong>et</strong></span> <span class='ocrx_word' id='word_1_36' title='bbox 1010 774 1160 840; x_wconf 85' lang='lat' dir='ltr'><strong>ostentari</strong></span> 
     </span>
    </p>
   </div>
   <div class='ocr_carea' id='block_1_3' title="bbox 12 873 1321 976">
    <p class='ocr_par' dir='ltr' id='par_1_4' title="bbox 12 873 1321 976">
     <span class='ocr_line' id='line_1_6' title="bbox 12 873 1321 976; baseline -0.006 -27"><span class='ocrx_word' id='word_1_37' title='bbox 12 919 13 922; x_wconf 34' lang='lat'>¹</span> <span class='ocrx_word' id='word_1_38' title='bbox 44 880 220 976; x_wconf 82' lang='lat' dir='ltr'><strong>quaedam</strong></span> <span class='ocrx_word' id='word_1_39' title='bbox 241 875 385 944; x_wconf 87' lang='lat' dir='ltr'><strong>incendia</strong></span> <span class='ocrx_word' id='word_1_40' title='bbox 407 873 535 944; x_wconf 84' lang='lat' dir='ltr'><strong>terroris</strong></span> <span class='ocrx_word' id='word_1_41' title='bbox 557 899 663 958; x_wconf 83' lang='lat' dir='ltr'><strong>eausa,</strong></span> <span class='ocrx_word' id='word_1_42' title='bbox 683 876 712 944; x_wconf 89' lang='lat' dir='ltr'><strong>si</strong></span> <span class='ocrx_word' id='word_1_43' title='bbox 733 875 884 968; x_wconf 88' lang='lat' dir='ltr'><strong>compelli</strong></span> <span class='ocrx_word' id='word_1_44' title='bbox 906 876 946 944; x_wconf 88' lang='lat' dir='ltr'><strong>ad</strong></span> <span class='ocrx_word' id='word_1_45' title='bbox 969 875 1161 945; x_wconf 85' lang='lat' dir='ltr'><strong>deditionem</strong></span> <span class='ocrx_word' id='word_1_46' title='bbox 1179 893 1197 950; x_wconf 86' lang='lat'>5</span> <span class='ocrx_word' id='word_1_47' title='bbox 1316 945 1321 958; x_wconf 55' lang='grc'>,</span> 
     </span>
    </p>
   </div>
   <div class='ocr_carea' id='block_1_4' title="bbox 17 979 1229 1915">
    <p class='ocr_par' dir='ltr' id='par_1_5' title="bbox 44 979 1161 1070">
     <span class='ocr_line' id='line_1_7' title="bbox 44 979 1161 1070; baseline -0.009 -15"><span class='ocrx_word' id='word_1_48' title='bbox 44 987 186 1056; x_wconf 84' lang='lat' dir='ltr'><strong>caritate</strong></span> <span class='ocrx_word' id='word_1_49' title='bbox 211 982 327 1048; x_wconf 89' lang='lat' dir='ltr'><strong>sedum</strong></span> <span class='ocrx_word' id='word_1_50' title='bbox 347 1001 477 1048; x_wconf 86' lang='lat' dir='ltr'><strong>suarum</strong></span> <span class='ocrx_word' id='word_1_51' title='bbox 499 979 622 1048; x_wconf 84' lang='lat' dir='ltr'>obsessi</span> <span class='ocrx_word' id='word_1_52' title='bbox 643 992 792 1070; x_wconf 82' lang='lat' dir='ltr'><strong>possent,</strong></span> <span class='ocrx_word' id='word_1_53' title='bbox 816 992 849 1049; x_wconf 85' lang='lat' dir='ltr'><strong>et</strong></span> <span class='ocrx_word' id='word_1_54' title='bbox 870 1005 936 1049; x_wconf 91' lang='lat' dir='ltr'><strong>non</strong></span> <span class='ocrx_word' id='word_1_55' title='bbox 959 980 1064 1065; x_wconf 87' lang='lat' dir='ltr'><strong>omnia</strong></span> <span class='ocrx_word' id='word_1_56' title='bbox 1088 1001 1161 1046; x_wconf 90' lang='lat' dir='ltr'><strong>con-</strong></span> 
     </span>
    </p>

    <p class='ocr_par' dir='ltr' id='par_1_6' title="bbox 17 1084 1229 1915">
     <span class='ocr_line' id='line_1_8' title="bbox 17 1084 1161 1176; baseline -0.003 -20"><span class='ocrx_word' id='word_1_57' title='bbox 17 1145 21 1156; x_wconf 85' lang='lat'>.</span> <span class='ocrx_word' id='word_1_58' title='bbox 45 1087 194 1160; x_wconf 85' lang='lat' dir='ltr'><strong>cremari</strong></span> <span class='ocrx_word' id='word_1_59' title='bbox 216 1095 302 1153; x_wconf 84' lang='lat' dir='ltr'><strong>tecta</strong></span> <span class='ocrx_word' id='word_1_60' title='bbox 327 1096 381 1168; x_wconf 87' lang='lat' dir='ltr'><strong>ut,</strong></span> <span class='ocrx_word' id='word_1_61' title='bbox 408 1085 637 1176; x_wconf 80' lang='lat' dir='ltr'><strong>quodcumque</strong></span> <span class='ocrx_word' id='word_1_62' title='bbox 658 1095 840 1176; x_wconf 86' lang='lat' dir='ltr'><strong>superesset</strong></span> <span class='ocrx_word' id='word_1_63' title='bbox 860 1086 963 1168; x_wconf 88' lang='lat' dir='ltr'><strong>urbis,</strong></span> <span class='ocrx_word' id='word_1_64' title='bbox 994 1084 1027 1154; x_wconf 89' lang='lat' dir='ltr'><strong>id</strong></span> <span class='ocrx_word' id='word_1_65' title='bbox 1048 1085 1161 1176; x_wconf 83' lang='lat' dir='ltr'><strong>pignus</strong></span> 
     </span>
     <span class='ocr_line' id='line_1_9' title="bbox 45 1187 1161 1282; baseline -0.007 -18"><span class='ocrx_word' id='word_1_66' title='bbox 45 1197 90 1264; x_wconf 87' lang='lat' dir='ltr'><strong>ad</strong></span> <span class='ocrx_word' id='word_1_67' title='bbox 114 1190 299 1261; x_wconf 85' lang='lat' dir='ltr'><strong>flectendos</strong></span> <span class='ocrx_word' id='word_1_68' title='bbox 320 1188 461 1257; x_wconf 84' lang='lat' dir='ltr'><strong>hostium</strong></span> <span class='ocrx_word' id='word_1_69' title='bbox 483 1187 607 1256; x_wconf 86' lang='lat' dir='ltr'><strong>animos</strong></span> <span class='ocrx_word' id='word_1_70' title='bbox 621 1187 785 1274; x_wconf 82' lang='lat' dir='ltr'><strong>haberent,</strong></span> <span class='ocrx_word' id='word_1_71' title='bbox 805 1211 1010 1282; x_wconf 87' lang='lat' dir='ltr'><strong>nequaquam</strong></span> <span class='ocrx_word' id='word_1_72' title='bbox 1030 1189 1161 1282; x_wconf 81' lang='lat' dir='ltr'><strong>perinde</strong></span> 
     </span>
     <span class='ocr_line' id='line_1_10' title="bbox 46 1289 1165 1390; baseline -0.005 -22"><span class='ocrx_word' id='word_1_73' title='bbox 46 1295 152 1390; x_wconf 73' lang='lat' dir='ltr'><strong>atque</strong></span> <span class='ocrx_word' id='word_1_74' title='bbox 176 1297 213 1364; x_wconf 88' lang='lat' dir='ltr'><strong>in</strong></span> <span class='ocrx_word' id='word_1_75' title='bbox 235 1305 328 1386; x_wconf 85' lang='lat' dir='ltr'><strong>capta</strong></span> <span class='ocrx_word' id='word_1_76' title='bbox 340 1293 430 1362; x_wconf 78' lang='lat' dir='ltr'><strong>’urbe</strong></span> <span class='ocrx_word' id='word_1_77' title='bbox 451 1294 553 1385; x_wconf 87' lang='lat' dir='ltr'><strong>prima</strong></span> <span class='ocrx_word' id='word_1_78' title='bbox 575 1293 625 1361; x_wconf 89' lang='lat' dir='ltr'><strong>die</strong></span> <span class='ocrx_word' id='word_1_79' title='bbox 648 1294 921 1383; x_wconf 65' lang='lat' dir='ltr'><strong>saepissimam</strong></span> <span class='ocrx_word' id='word_1_80' title='bbox 944 1293 1009 1364; x_wconf 83' lang='lat' dir='ltr'><strong>late</strong></span> <span class='ocrx_word' id='word_1_81' title='bbox 1030 1289 1165 1387; x_wconf 76' lang='lat' dir='ltr'><strong>vagatus</strong></span> 
     </span>
     <span class='ocr_line' id='line_1_11' title="bbox 46 1395 1229 1494; baseline -0.003 -20"><span class='ocrx_word' id='word_1_82' title='bbox 46 1416 100 1474; x_wconf 85' lang='lat' dir='ltr'><strong>est</strong></span> <span class='ocrx_word' id='word_1_83' title='bbox 123 1401 220 1494; x_wconf 78' lang='lat' dir='ltr'><strong>ignis.</strong></span> <span class='ocrx_word' id='word_1_84' title='bbox 257 1399 393 1468; x_wconf 87' lang='lat' dir='ltr'><strong>Romani</strong></span> <span class='ocrx_word' id='word_1_85' title='bbox 415 1420 458 1467; x_wconf 83' lang='lat' dir='ltr'><strong>ex</strong></span> <span class='ocrx_word' id='word_1_86' title='bbox 479 1422 551 1466; x_wconf 87' lang='lat' dir='ltr'><strong>aree</strong></span> <span class='ocrx_word' id='word_1_87' title='bbox 575 1397 704 1488; x_wconf 88' lang='lat' dir='ltr'><strong>plenam</strong></span> <span class='ocrx_word' id='word_1_88' title='bbox 731 1395 872 1466; x_wconf 80' lang='lat' dir='ltr'><strong>hostium</strong></span> <span class='ocrx_word' id='word_1_89' title='bbox 898 1399 1014 1468; x_wconf 88' lang='lat' dir='ltr'><strong>urbem</strong></span> <span class='ocrx_word' id='word_1_90' title='bbox 1035 1412 1229 1470; x_wconf 77' lang='lat' dir='ltr'><strong>remen-10¹</strong></span> 
     </span>
     <span class='ocr_line' id='line_1_12' title="bbox 45 1503 1191 1598; baseline -0.005 -20"><span class='ocrx_word' id='word_1_91' title='bbox 45 1522 100 1578; x_wconf 88' lang='lat' dir='ltr'><strong>tes</strong></span> <span class='ocrx_word' id='word_1_92' title='bbox 124 1525 296 1595; x_wconf 77' lang='lat' dir='ltr'><strong>vagosque</strong></span> <span class='ocrx_word' id='word_1_93' title='bbox 318 1525 377 1593; x_wconf 87' lang='lat' dir='ltr'><strong>per</strong></span> <span class='ocrx_word' id='word_1_94' title='bbox 397 1503 465 1570; x_wconf 88' lang='lat' dir='ltr'><strong>vias</strong></span> <span class='ocrx_word' id='word_1_95' title='bbox 487 1523 608 1582; x_wconf 74' lang='lat' dir='ltr'><strong>omnes</strong></span> <span class='ocrx_word' id='word_1_96' title='bbox 628 1523 753 1582; x_wconf 86' lang='lat' dir='ltr'><strong>cursus,</strong></span> <span class='ocrx_word' id='word_1_97' title='bbox 788 1523 863 1570; x_wconf 90' lang='lat' dir='ltr'><strong>cum</strong></span> <span class='ocrx_word' id='word_1_98' title='bbox 890 1503 950 1572; x_wconf 89' lang='lat' dir='ltr'><strong>alia</strong></span> <span class='ocrx_word' id='word_1_99' title='bbox 980 1515 1076 1598; x_wconf 87' lang='lat' dir='ltr'><strong>atque</strong></span> <span class='ocrx_word' id='word_1_100' title='bbox 1102 1504 1163 1572; x_wconf 86' lang='lat' dir='ltr'><strong>alia</strong></span> <span class='ocrx_word' id='word_1_101' title='bbox 1188 1515 1191 1528; x_wconf 91' lang='lat'>&#39;</span> 
     </span>
     <span class='ocr_line' id='line_1_13' title="bbox 45 1605 1162 1706; baseline -0.004 -25"><span class='ocrx_word' id='word_1_102' title='bbox 45 1624 145 1706; x_wconf 87' lang='lat' dir='ltr'><strong>parte</strong></span> <span class='ocrx_word' id='word_1_103' title='bbox 169 1631 255 1675; x_wconf 87' lang='lat' dir='ltr'><strong>nova</strong></span> <span class='ocrx_word' id='word_1_104' title='bbox 279 1606 385 1697; x_wconf 87' lang='lat' dir='ltr'><strong>aliqua</strong></span> <span class='ocrx_word' id='word_1_105' title='bbox 407 1606 514 1674; x_wconf 85' lang='lat' dir='ltr'><strong>clades</strong></span> <span class='ocrx_word' id='word_1_106' title='bbox 529 1615 681 1686; x_wconf 88' lang='lat' dir='ltr'><strong>oreretur,</strong></span> <span class='ocrx_word' id='word_1_107' title='bbox 703 1629 768 1700; x_wconf 81' lang='lat' dir='ltr'><strong>porr</strong></span> <span class='ocrx_word' id='word_1_108' title='bbox 784 1605 945 1674; x_wconf 88' lang='lat' dir='ltr'><strong>mentibus</strong></span> <span class='ocrx_word' id='word_1_109' title='bbox 967 1607 1074 1676; x_wconf 90' lang='lat' dir='ltr'><strong>solum</strong></span> <span class='ocrx_word' id='word_1_110' title='bbox 1088 1632 1162 1676; x_wconf 71' lang='lat' dir='ltr'><strong>eon⁶</strong></span> 
     </span>
     <span class='ocr_line' id='line_1_14' title="bbox 46 1709 1162 1809; baseline -0.004 -26"><span class='ocrx_word' id='word_1_111' title='bbox 46 1719 163 1809; x_wconf 80' lang='lat' dir='ltr'><strong>cipere</strong></span> <span class='ocrx_word' id='word_1_112' title='bbox 187 1711 246 1780; x_wconf 86' lang='lat' dir='ltr'><strong>sed</strong></span> <span class='ocrx_word' id='word_1_113' title='bbox 274 1735 315 1778; x_wconf 90' lang='lat' dir='ltr'><strong>ne</strong></span> <span class='ocrx_word' id='word_1_114' title='bbox 338 1709 467 1778; x_wconf 89' lang='lat' dir='ltr'><strong>auribus</strong></span> <span class='ocrx_word' id='word_1_115' title='bbox 494 1709 625 1800; x_wconf 90' lang='lat' dir='ltr'><strong>quidem</strong></span> <span class='ocrx_word' id='word_1_116' title='bbox 653 1721 761 1800; x_wconf 71' lang='lat' dir='ltr'><strong>arque</strong></span> <span class='ocrx_word' id='word_1_117' title='bbox 778 1709 879 1776; x_wconf 85' lang='lat' dir='ltr'><strong>oeulis</strong></span> <span class='ocrx_word' id='word_1_118' title='bbox 906 1711 983 1780; x_wconf 85' lang='lat' dir='ltr'><strong>satis</strong></span> <span class='ocrx_word' id='word_1_119' title='bbox 1016 1723 1162 1779; x_wconf 82' lang='lat' dir='ltr'><strong>constare</strong></span> 
     </span>
     <span class='ocr_line' id='line_1_15' title="bbox 44 1812 1160 1915; baseline -0.006 -26"><span class='ocrx_word' id='word_1_120' title='bbox 44 1827 217 1915; x_wconf 78' lang='lat' dir='ltr'><strong>poterant.</strong></span> <span class='ocrx_word' id='word_1_121' title='bbox 254 1837 461 1906; x_wconf 90' lang='lat' dir='ltr'><strong>quocumque</strong></span> <span class='ocrx_word' id='word_1_122' title='bbox 484 1812 769 1898; x_wconf 77' lang='lat' dir='ltr'><strong>elamorhostium,</strong></span> <span class='ocrx_word' id='word_1_123' title='bbox 791 1813 962 1882; x_wconf 87' lang='lat' dir='ltr'><strong>mulierum</strong></span> <span class='ocrx_word' id='word_1_124' title='bbox 976 1835 1160 1908; x_wconf 60' lang='lat' dir='ltr'><strong>puerorum³</strong></span> 
     </span>
    </p>
   </div>
   <div class='ocr_carea' id='block_1_5' title="bbox 64 1965 1269 3180">
    <p class='ocr_par' dir='ltr' id='par_1_7' title="bbox 65 1965 1160 2141">
     <span class='ocr_line' id='line_1_16' title="bbox 65 1965 1160 2053; baseline -0.005 -17"><span class='ocrx_word' id='word_1_125' title='bbox 65 1982 94 2040; x_wconf 72' lang='lat'><strong>2.</strong></span> <span class='ocrx_word' id='word_1_126' title='bbox 114 1973 280 2036; x_wconf 67' lang='lat' dir='ltr'><strong>exhaustis</strong></span> <span class='ocrx_word' id='word_1_127' title='bbox 296 1973 367 2030; x_wconf 75' lang='lat' dir='ltr'><strong>inici</strong></span> <span class='ocrx_word' id='word_1_128' title='bbox 377 1973 479 2052; x_wconf 77' lang='lat' dir='ltr'><strong>ignes.-</strong></span> <span class='ocrx_word' id='word_1_129' title='bbox 496 1965 520 2028; x_wconf 88' lang='lat' dir='ltr'><strong>P</strong></span> <span class='ocrx_word' id='word_1_130' title='bbox 536 1989 573 2032; x_wconf 84' lang='lat' dir='ltr'><strong>m.</strong></span> <span class='ocrx_word' id='word_1_131' title='bbox 707 1993 760 2050; x_wconf 85' lang='lat' dir='ltr'><strong>que</strong></span> <span class='ocrx_word' id='word_1_132' title='bbox 785 1982 939 2051; x_wconf 82' lang='lat' dir='ltr'><strong>superesset</strong></span> <span class='ocrx_word' id='word_1_133' title='bbox 962 1972 1037 2031; x_wconf 81' lang='lat' dir='ltr'><strong>urbia</strong></span> <span class='ocrx_word' id='word_1_134' title='bbox 1059 1973 1094 2038; x_wconf 85' lang='lat' dir='ltr'><strong>ad</strong></span> <span class='ocrx_word' id='word_1_135' title='bbox 1120 1976 1160 2053; x_wconf 85' lang='lat' dir='ltr'><strong>pi·</strong></span> 
     </span>
     <span class='ocr_line' id='line_1_17' title="bbox 114 2057 1100 2141; baseline -0.002 -20"><span class='ocrx_word' id='word_1_136' title='bbox 114 2067 143 2124; x_wconf 78' lang='lat'><strong>2.</strong></span> <span class='ocrx_word' id='word_1_137' title='bbox 162 2060 200 2121; x_wconf 86' lang='grc' dir='ltr'><strong>Μ.</strong></span> <span class='ocrx_word' id='word_1_138' title='bbox 219 2088 254 2102; x_wconf 76' lang='grc'><strong>·-</strong></span> <span class='ocrx_word' id='word_1_139' title='bbox 271 2059 294 2116; x_wconf 87' lang='grc' dir='ltr'>Ρ</span> <span class='ocrx_word' id='word_1_140' title='bbox 311 2079 349 2120; x_wconf 80' lang='grc' dir='ltr'><strong>ιιι.</strong></span> <span class='ocrx_word' id='word_1_141' title='bbox 367 2062 405 2119; x_wconf 80' lang='lat' dir='ltr'><strong>1.a</strong></span> <span class='ocrx_word' id='word_1_142' title='bbox 424 2057 555 2118; x_wconf 82' lang='lat' dir='ltr'><strong>exhausti.</strong></span> <span class='ocrx_word' id='word_1_143' title='bbox 707 2077 784 2134; x_wconf 78' lang='lat' dir='ltr'><strong>gnos.</strong></span> <span class='ocrx_word' id='word_1_144' title='bbox 808 2079 844 2119; x_wconf 89' lang='lat' dir='ltr'><strong>m.</strong></span> <span class='ocrx_word' id='word_1_145' title='bbox 861 2061 903 2119; x_wconf 54' lang='grc' dir='ltr'><strong>Ρη</strong></span> <span class='ocrx_word' id='word_1_146' title='bbox 920 2061 951 2118; x_wconf 78' lang='grc' dir='ltr'><strong>Μ</strong></span> <span class='ocrx_word' id='word_1_147' title='bbox 967 2063 1074 2141; x_wconf 71' lang='lat' dir='ltr'><strong>pignus.</strong></span> <span class='ocrx_word' id='word_1_148' title='bbox 1096 2110 1100 2119; x_wconf 73' lang='grc'>,</span> 
     </span>
    </p>

    <p class='ocr_par' dir='ltr' id='par_1_8' title="bbox 64 2145 1269 3180">
     <span class='ocr_line' id='line_1_18' title="bbox 64 2145 1227 2226; baseline -0.005 -16"><span class='ocrx_word' id='word_1_149' title='bbox 64 2157 93 2214; x_wconf 87' lang='grc'><strong>3.</strong></span> <span class='ocrx_word' id='word_1_150' title='bbox 119 2171 179 2216; x_wconf 77' lang='lat' dir='ltr'><strong>eeu</strong></span> <span class='ocrx_word' id='word_1_151' title='bbox 207 2167 267 2206; x_wconf 82' lang='lat' dir='ltr'><strong>non</strong></span> <span class='ocrx_word' id='word_1_152' title='bbox 291 2148 427 2205; x_wconf 71' lang='lat' dir='ltr'><strong>omnibu-r</strong></span> <span class='ocrx_word' id='word_1_153' title='bbox 452 2146 577 2204; x_wconf 77' lang='lat' dir='ltr'><strong>delendi</strong></span> <span class='ocrx_word' id='word_1_154' title='bbox 601 2180 604 2188; x_wconf 87' lang='lat'>·</span> <span class='ocrx_word' id='word_1_155' title='bbox 661 2145 689 2203; x_wconf 81' lang='lat'><strong>8.</strong></span> <span class='ocrx_word' id='word_1_156' title='bbox 706 2155 897 2224; x_wconf 67' lang='lat' dir='ltr'><strong>nequaquam</strong></span> <span class='ocrx_word' id='word_1_157' title='bbox 920 2149 1046 2226; x_wconf 69' lang='lat' dir='ltr'><strong>perinde</strong></span> <span class='ocrx_word' id='word_1_158' title='bbox 1071 2157 1162 2225; x_wconf 75' lang='lat' dir='ltr'><strong>atque</strong></span> <span class='ocrx_word' id='word_1_159' title='bbox 1222 2190 1227 2198; x_wconf 85' lang='lat'>.</span> 
     </span>
     <span class='ocr_line' id='line_1_19' title="bbox 113 2233 1160 2310; baseline -0.007 -12"><span class='ocrx_word' id='word_1_160' title='bbox 113 2239 220 2298; x_wconf 78' lang='lat' dir='ltr'><strong>urbem</strong></span> <span class='ocrx_word' id='word_1_161' title='bbox 241 2235 334 2296; x_wconf 80' lang='lat' dir='ltr'><strong>libido</strong></span> <span class='ocrx_word' id='word_1_162' title='bbox 361 2243 442 2294; x_wconf 77' lang='lat' dir='ltr'><strong>erate</strong></span> <span class='ocrx_word' id='word_1_163' title='bbox 464 2233 574 2310; x_wconf 80' lang='lat' dir='ltr'><strong>Portug.</strong></span> <span class='ocrx_word' id='word_1_164' title='bbox 705 2235 737 2289; x_wconf 80' lang='lat' dir='ltr'><strong>in</strong></span> <span class='ocrx_word' id='word_1_165' title='bbox 754 2243 843 2310; x_wconf 82' lang='lat' dir='ltr'><strong>copta</strong></span> <span class='ocrx_word' id='word_1_166' title='bbox 860 2237 948 2294; x_wconf 80' lang='lat' dir='ltr'><strong>urba:</strong></span> <span class='ocrx_word' id='word_1_167' title='bbox 965 2233 997 2296; x_wconf 84' lang='lat' dir='ltr'><strong>P.</strong></span> <span class='ocrx_word' id='word_1_168' title='bbox 1009 2266 1043 2280; x_wconf 90' lang='lat'><strong>·-</strong></span> <span class='ocrx_word' id='word_1_169' title='bbox 1056 2233 1096 2292; x_wconf 83' lang='lat' dir='ltr'><strong>ll:</strong></span> <span class='ocrx_word' id='word_1_170' title='bbox 1115 2255 1160 2292; x_wconf 83' lang='lat' dir='ltr'><strong>no·</strong></span> 
     </span>
     <span class='ocr_line' id='line_1_20' title="bbox 114 2321 1161 2401; baseline -0.003 -20"><span class='ocrx_word' id='word_1_171' title='bbox 114 2327 168 2397; x_wconf 76' lang='lat' dir='ltr'><strong>al]</strong></span> <span class='ocrx_word' id='word_1_172' title='bbox 192 2342 242 2379; x_wconf 85' lang='lat' dir='ltr'><strong>seu</strong></span> <span class='ocrx_word' id='word_1_173' title='bbox 259 2341 314 2379; x_wconf 86' lang='lat' dir='ltr'><strong>aon</strong></span> <span class='ocrx_word' id='word_1_174' title='bbox 336 2323 461 2380; x_wconf 84' lang='lat' dir='ltr'><strong>omnibus</strong></span> <span class='ocrx_word' id='word_1_175' title='bbox 481 2321 573 2380; x_wconf 78' lang='lat' dir='ltr'><strong>delen·</strong></span> <span class='ocrx_word' id='word_1_176' title='bbox 705 2340 839 2398; x_wconf 88' lang='lat' dir='ltr'><strong>quaquam</strong></span> <span class='ocrx_word' id='word_1_177' title='bbox 861 2341 911 2399; x_wconf 84' lang='lat' dir='ltr'><strong>per</strong></span> <span class='ocrx_word' id='word_1_178' title='bbox 933 2324 995 2400; x_wconf 84' lang='lat' dir='ltr'><strong>igue</strong></span> <span class='ocrx_word' id='word_1_179' title='bbox 1025 2329 1104 2401; x_wconf 81' lang='lat' dir='ltr'><strong>atque</strong></span> <span class='ocrx_word' id='word_1_180' title='bbox 1132 2323 1161 2378; x_wconf 88' lang='lat' dir='ltr'><strong>in</strong></span> 
     </span>
     <span class='ocr_line' id='line_1_21' title="bbox 111 2405 1160 2482; baseline -0.003 -15"><span class='ocrx_word' id='word_1_181' title='bbox 111 2410 167 2468; x_wconf 81' lang='lat' dir='ltr'><strong>dae</strong></span> <span class='ocrx_word' id='word_1_182' title='bbox 184 2409 259 2465; x_wconf 85' lang='lat' dir='ltr'><strong>urbia</strong></span> <span class='ocrx_word' id='word_1_183' title='bbox 269 2405 355 2464; x_wconf 82' lang='lat' dir='ltr'><strong>libido</strong></span> <span class='ocrx_word' id='word_1_184' title='bbox 368 2417 425 2466; x_wconf 82' lang='lat' dir='ltr'><strong>erat</strong></span> <span class='ocrx_word' id='word_1_185' title='bbox 437 2413 489 2476; x_wconf 85' lang='lat' dir='ltr'><strong>(ex</strong></span> <span class='ocrx_word' id='word_1_186' title='bbox 501 2411 573 2467; x_wconf 84' lang='lat' dir='ltr'><strong>e&#39;oni.</strong></span> <span class='ocrx_word' id='word_1_187' title='bbox 707 2418 785 2482; x_wconf 84' lang='lat' dir='ltr'><strong>capta</strong></span> <span class='ocrx_word' id='word_1_188' title='bbox 802 2409 877 2468; x_wconf 88' lang='lat' dir='ltr'><strong>urbe.</strong></span> <span class='ocrx_word' id='word_1_189' title='bbox 898 2437 932 2452; x_wconf 83' lang='lat'><strong>-·</strong></span> <span class='ocrx_word' id='word_1_190' title='bbox 955 2411 977 2467; x_wconf 87' lang='lat' dir='ltr'>P</span> <span class='ocrx_word' id='word_1_191' title='bbox 994 2429 1031 2470; x_wconf 88' lang='lat' dir='ltr'><strong>m.</strong></span> <span class='ocrx_word' id='word_1_192' title='bbox 1051 2415 1089 2468; x_wconf 85' lang='lat'><strong>1.:</strong></span> <span class='ocrx_word' id='word_1_193' title='bbox 1114 2427 1160 2465; x_wconf 86' lang='lat' dir='ltr'><strong>aa·</strong></span> 
     </span>
     <span class='ocr_line' id='line_1_22' title="bbox 113 2491 962 2566; baseline -0.008 -13"><span class='ocrx_word' id='word_1_194' title='bbox 113 2495 221 2564; x_wconf 78' lang='lat' dir='ltr'><strong>Rhea.)</strong></span> <span class='ocrx_word' id='word_1_195' title='bbox 251 2519 287 2534; x_wconf 87' lang='grc'><strong>-··</strong></span> <span class='ocrx_word' id='word_1_196' title='bbox 320 2491 383 2549; x_wconf 69' lang='lat' dir='ltr'><strong>Pria</strong></span> <span class='ocrx_word' id='word_1_197' title='bbox 417 2513 487 2561; x_wconf 85' lang='lat' dir='ltr'><strong>„seu</strong></span> <span class='ocrx_word' id='word_1_198' title='bbox 516 2512 573 2550; x_wconf 85' lang='lat' dir='ltr'><strong>nou</strong></span> <span class='ocrx_word' id='word_1_199' title='bbox 706 2501 791 2566; x_wconf 77' lang='lat' dir='ltr'><strong>gatos.</strong></span> <span class='ocrx_word' id='word_1_200' title='bbox 956 2551 962 2561; x_wconf 37' lang='lat'>¹</span> 
     </span>
     <span class='ocr_line' id='line_1_23' title="bbox 116 2575 1160 2657; baseline -0.003 -16"><span class='ocrx_word' id='word_1_201' title='bbox 116 2578 571 2642; x_wconf 79' lang='lat' dir='ltr'><strong>omuibusdelondeurbeml.e.“r</strong></span> <span class='ocrx_word' id='word_1_202' title='bbox 608 2582 613 2586; x_wconf 82' lang='grc'><strong>’</strong></span> <span class='ocrx_word' id='word_1_203' title='bbox 644 2575 687 2636; x_wconf 90' lang='grc'><strong>11.</strong></span> <span class='ocrx_word' id='word_1_204' title='bbox 707 2595 879 2657; x_wconf 71' lang='lat' dir='ltr'><strong>uagosque:</strong></span> <span class='ocrx_word' id='word_1_205' title='bbox 906 2577 934 2638; x_wconf 90' lang='grc' dir='ltr'><strong>Μ</strong></span> <span class='ocrx_word' id='word_1_206' title='bbox 956 2597 992 2640; x_wconf 86' lang='lat' dir='ltr'><strong>m.</strong></span> <span class='ocrx_word' id='word_1_207' title='bbox 1018 2579 1045 2642; x_wconf 67' lang='grc' dir='ltr'><strong>Ρ.</strong></span> <span class='ocrx_word' id='word_1_208' title='bbox 1067 2579 1097 2640; x_wconf 87' lang='lat' dir='ltr'><strong>P.</strong></span> <span class='ocrx_word' id='word_1_209' title='bbox 1123 2609 1160 2626; x_wconf 92' lang='lat'><strong>-·</strong></span> 
     </span>
     <span class='ocr_line' id='line_1_24' title="bbox 113 2660 1080 2747; baseline -0.006 -18"><span class='ocrx_word' id='word_1_210' title='bbox 113 2666 253 2744; x_wconf 78' lang='lat' dir='ltr'><strong>similique</strong></span> <span class='ocrx_word' id='word_1_211' title='bbox 261 2665 343 2726; x_wconf 80' lang='lat' dir='ltr'><strong>morlo</strong></span> <span class='ocrx_word' id='word_1_212' title='bbox 352 2667 459 2725; x_wconf 76' lang='lat' dir='ltr'><strong>ridetur</strong></span> <span class='ocrx_word' id='word_1_213' title='bbox 469 2669 499 2725; x_wconf 87' lang='lat' dir='ltr'><strong>iu</strong></span> <span class='ocrx_word' id='word_1_214' title='bbox 509 2660 570 2726; x_wconf 80' lang='lat' dir='ltr'><strong>cod.</strong></span> <span class='ocrx_word' id='word_1_215' title='bbox 661 2691 667 2698; x_wconf 92' lang='lat'><em>·</em></span> <span class='ocrx_word' id='word_1_216' title='bbox 704 2661 786 2724; x_wconf 76' lang='lat' dir='ltr'><strong>lum</strong></span> <span class='ocrx_word' id='word_1_217' title='bbox 806 2668 843 2724; x_wconf 83' lang='lat' dir='ltr'><strong>i.r</strong></span> <span class='ocrx_word' id='word_1_218' title='bbox 865 2685 975 2744; x_wconf 83' lang='lat' dir='ltr'><strong>uacosq.</strong></span> <span class='ocrx_word' id='word_1_219' title='bbox 1075 2731 1080 2747; x_wconf 26' lang='lat' dir='ltr'>x</span> 
     </span>
     <span class='ocr_line' id='line_1_25' title="bbox 113 2739 1206 2834; baseline -0.002 -18"><span class='ocrx_word' id='word_1_220' title='bbox 113 2755 345 2834; x_wconf 78' lang='lat' dir='ltr'><strong>Rhen.roriptam</strong></span> <span class='ocrx_word' id='word_1_221' title='bbox 353 2754 445 2813; x_wconf 75' lang='lat' dir='ltr'><strong>inissa</strong></span> <span class='ocrx_word' id='word_1_222' title='bbox 462 2739 571 2811; x_wconf 66' lang='lat' dir='ltr'><strong>aaran·</strong></span> <span class='ocrx_word' id='word_1_223' title='bbox 653 2772 772 2809; x_wconf 85' lang='lat' dir='ltr'><strong>-cum</strong></span> <span class='ocrx_word' id='word_1_224' title='bbox 796 2755 860 2810; x_wconf 80' lang='lat' dir='ltr'><strong>alia</strong></span> <span class='ocrx_word' id='word_1_225' title='bbox 881 2764 972 2832; x_wconf 79' lang='lat' dir='ltr'><strong>atque</strong></span> <span class='ocrx_word' id='word_1_226' title='bbox 994 2756 1058 2812; x_wconf 81' lang='lat' dir='ltr'><strong>alio</strong></span> <span class='ocrx_word' id='word_1_227' title='bbox 1073 2765 1160 2831; x_wconf 79' lang='lat' dir='ltr'><strong>porte</strong></span> <span class='ocrx_word' id='word_1_228' title='bbox 1202 2806 1206 2814; x_wconf 91' lang='grc'><em>,</em></span> 
     </span>
     <span class='ocr_line' id='line_1_26' title="bbox 115 2841 1208 2918; baseline -0.002 -16"><span class='ocrx_word' id='word_1_229' title='bbox 115 2847 170 2903; x_wconf 74' lang='lat' dir='ltr'><strong>rior</strong></span> <span class='ocrx_word' id='word_1_230' title='bbox 186 2862 251 2900; x_wconf 79' lang='lat' dir='ltr'><strong>vero</strong></span> <span class='ocrx_word' id='word_1_231' title='bbox 269 2845 299 2900; x_wconf 90' lang='lat' dir='ltr'><strong>in</strong></span> <span class='ocrx_word' id='word_1_232' title='bbox 320 2841 375 2899; x_wconf 81' lang='lat' dir='ltr'><strong>lina</strong></span> <span class='ocrx_word' id='word_1_233' title='bbox 392 2841 572 2898; x_wconf 72' lang='lat' dir='ltr'><strong>verboramur</strong></span> <span class='ocrx_word' id='word_1_234' title='bbox 705 2858 786 2898; x_wconf 81' lang='lat' dir='ltr'><strong>nouo</strong></span> <span class='ocrx_word' id='word_1_235' title='bbox 809 2842 915 2918; x_wconf 76' lang='lat' dir='ltr'><strong>aliqua</strong></span> <span class='ocrx_word' id='word_1_236' title='bbox 936 2842 1040 2900; x_wconf 76' lang='lat' dir='ltr'><strong>clades</strong></span> <span class='ocrx_word' id='word_1_237' title='bbox 1062 2863 1160 2902; x_wconf 66' lang='lat' dir='ltr'><strong>orere»</strong></span> <span class='ocrx_word' id='word_1_238' title='bbox 1203 2893 1208 2910; x_wconf 80' lang='grc'>,</span> 
     </span>
     <span class='ocr_line' id='line_1_27' title="bbox 111 2925 1269 3013; baseline -0.002 -23"><span class='ocrx_word' id='word_1_239' title='bbox 111 2951 165 3013; x_wconf 88' lang='lat' dir='ltr'><strong>pro</strong></span> <span class='ocrx_word' id='word_1_240' title='bbox 183 2930 337 3007; x_wconf 74' lang='lat' dir='ltr'><strong>iscriptum</strong></span> <span class='ocrx_word' id='word_1_241' title='bbox 347 2931 460 3009; x_wconf 83' lang='lat' dir='ltr'><strong>reperiri</strong></span> <span class='ocrx_word' id='word_1_242' title='bbox 477 2935 572 2986; x_wconf 84' lang='lat' dir='ltr'><strong>uotum</strong></span> <span class='ocrx_word' id='word_1_243' title='bbox 705 2936 773 2983; x_wconf 78' lang='lat' dir='ltr'><strong>tur:</strong></span> <span class='ocrx_word' id='word_1_244' title='bbox 792 2925 849 2988; x_wconf 91' lang='grc' dir='ltr'><strong>ΡΜ.</strong></span> <span class='ocrx_word' id='word_1_245' title='bbox 862 2927 932 2987; x_wconf 82' lang='lat' dir='ltr'><strong>-P</strong></span> <span class='ocrx_word' id='word_1_246' title='bbox 949 2929 1037 2992; x_wconf 82' lang='lat' dir='ltr'><strong>m.1.:</strong></span> <span class='ocrx_word' id='word_1_247' title='bbox 1057 2949 1160 2991; x_wconf 82' lang='lat' dir='ltr'><strong>cursor.</strong></span> <span class='ocrx_word' id='word_1_248' title='bbox 1268 2999 1269 3006; x_wconf 8' lang='grc' dir='ltr'>ἵ</span> 
     </span>
     <span class='ocr_line' id='line_1_28' title="bbox 115 3015 1159 3095; baseline -0.006 -15"><span class='ocrx_word' id='word_1_249' title='bbox 115 3029 167 3081; x_wconf 79' lang='lat' dir='ltr'><strong>esi.</strong></span> <span class='ocrx_word' id='word_1_250' title='bbox 193 3019 225 3077; x_wconf 90' lang='lat' dir='ltr'><strong>ln</strong></span> <span class='ocrx_word' id='word_1_251' title='bbox 237 3015 311 3078; x_wconf 86' lang='lat' dir='ltr'><strong>llarl.</strong></span> <span class='ocrx_word' id='word_1_252' title='bbox 322 3037 341 3078; x_wconf 84' lang='lat' dir='ltr'><strong>r.</strong></span> <span class='ocrx_word' id='word_1_253' title='bbox 357 3017 571 3095; x_wconf 79' lang='lat' dir='ltr'><strong>reperium&#39;essa</strong></span> <span class='ocrx_word' id='word_1_254' title='bbox 643 3015 686 3074; x_wconf 73' lang='lat'><strong>12.</strong></span> <span class='ocrx_word' id='word_1_255' title='bbox 705 3035 764 3072; x_wconf 84' lang='lat' dir='ltr'><strong>non</strong></span> <span class='ocrx_word' id='word_1_256' title='bbox 782 3017 927 3074; x_wconf 79' lang='lat' dir='ltr'><strong>mentibus</strong></span> <span class='ocrx_word' id='word_1_257' title='bbox 951 3020 1047 3076; x_wconf 80' lang='lat' dir='ltr'><strong>solum</strong></span> <span class='ocrx_word' id='word_1_258' title='bbox 1065 3020 1159 3076; x_wconf 82' lang='lat' dir='ltr'><strong>conci-</strong></span> 
     </span>
     <span class='ocr_line' id='line_1_29' title="bbox 115 3101 1158 3180; baseline -0.006 -13"><span class='ocrx_word' id='word_1_259' title='bbox 115 3109 218 3167; x_wconf 84' lang='lat' dir='ltr'><strong>dicitur·</strong></span> <span class='ocrx_word' id='word_1_260' title='bbox 235 3126 312 3176; x_wconf 87' lang='lat' dir='ltr'><strong>„non</strong></span> <span class='ocrx_word' id='word_1_261' title='bbox 334 3108 422 3164; x_wconf 84' lang='lat' dir='ltr'><strong>omnis</strong></span> <span class='ocrx_word' id='word_1_262' title='bbox 440 3103 571 3163; x_wconf 81' lang='lat' dir='ltr'><strong>delendae</strong></span> <span class='ocrx_word' id='word_1_263' title='bbox 701 3123 788 3178; x_wconf 75' lang='lat' dir='ltr'><strong>perer</strong></span> <span class='ocrx_word' id='word_1_264' title='bbox 811 3101 861 3161; x_wconf 90' lang='grc' dir='ltr'><strong>ΡΜ</strong></span> <span class='ocrx_word' id='word_1_265' title='bbox 883 3103 1035 3180; x_wconf 58' lang='grc' dir='ltr'><strong>τε11.]“ηοη</strong></span> <span class='ocrx_word' id='word_1_266' title='bbox 1063 3107 1158 3163; x_wconf 69' lang='lat' dir='ltr'><strong>monti⁴</strong></span> 
     </span>
    </p>
   </div>
   <div class='ocr_carea' id='block_1_6' title="bbox 30 3191 569 3270">
    <p class='ocr_par' dir='ltr' id='par_1_9' title="bbox 30 3191 569 3270">
     <span class='ocr_line' id='line_1_30' title="bbox 30 3191 569 3270; baseline -0.009 -17"><span class='ocrx_word' id='word_1_267' title='bbox 30 3201 34 3212; x_wconf 91' lang='grc'><strong>’</strong></span> <span class='ocrx_word' id='word_1_268' title='bbox 113 3196 221 3260; x_wconf 83' lang='lat' dir='ltr'><strong>urbis“‚</strong></span> <span class='ocrx_word' id='word_1_269' title='bbox 239 3194 313 3270; x_wconf 85' lang='lat' dir='ltr'><strong>quod</strong></span> <span class='ocrx_word' id='word_1_270' title='bbox 329 3194 351 3250; x_wconf 91' lang='lat'><strong>1.</strong></span> <span class='ocrx_word' id='word_1_271' title='bbox 364 3191 407 3250; x_wconf 75' lang='lat' dir='ltr'><strong>rr.</strong></span> <span class='ocrx_word' id='word_1_272' title='bbox 426 3192 510 3251; x_wconf 86' lang='lat' dir='ltr'><strong>Groa.</strong></span> <span class='ocrx_word' id='word_1_273' title='bbox 527 3211 569 3248; x_wconf 89' lang='lat' dir='ltr'><strong>re·</strong></span> 
     </span>
    </p>
   </div>
   <div class='ocr_carea' id='block_1_7' title="bbox 9 3278 570 3443">
    <p class='ocr_par' dir='ltr' id='par_1_10' title="bbox 9 3278 570 3443">
     <span class='ocr_line' id='line_1_31' title="bbox 42 3278 570 3337; baseline -0.009 0"><span class='ocrx_word' id='word_1_274' title='bbox 42 3279 43 3286; x_wconf 69' lang='grc'>’</span> <span class='ocrx_word' id='word_1_275' title='bbox 116 3278 282 3337; x_wconf 81' lang='lat' dir='ltr'><strong>stituenrlum</strong></span> <span class='ocrx_word' id='word_1_276' title='bbox 299 3279 412 3336; x_wconf 74' lang='lat' dir='ltr'><strong>ornauit.</strong></span> <span class='ocrx_word' id='word_1_277' title='bbox 435 3297 527 3334; x_wconf 88' lang='lat' dir='ltr'><strong>verum</strong></span> <span class='ocrx_word' id='word_1_278' title='bbox 538 3281 570 3333; x_wconf 84' lang='lat' dir='ltr'><strong>&#39;si</strong></span> 
     </span>
     <span class='ocr_line' id='line_1_32' title="bbox 9 3361 570 3443; baseline -0.011 -17"><span class='ocrx_word' id='word_1_279' title='bbox 9 3363 14 3375; x_wconf 51' lang='lat'><em>¹</em></span> <span class='ocrx_word' id='word_1_280' title='bbox 116 3369 153 3424; x_wconf 83' lang='lat' dir='ltr'><strong>ita</strong></span> <span class='ocrx_word' id='word_1_281' title='bbox 170 3366 372 3443; x_wconf 80' lang='lat' dir='ltr'><strong>scripserimus,</strong></span> <span class='ocrx_word' id='word_1_282' title='bbox 391 3361 472 3420; x_wconf 84' lang='lat' dir='ltr'><strong>verba</strong></span> <span class='ocrx_word' id='word_1_283' title='bbox 491 3381 570 3430; x_wconf 85' lang='lat' dir='ltr'><strong>„nou</strong></span> 
     </span>
    </p>
   </div>
   <div class='ocr_carea' id='block_1_8' title="bbox 115 3447 570 3622">
    <p class='ocr_par' dir='ltr' id='par_1_11' title="bbox 115 3447 570 3622">
     <span class='ocr_line' id='line_1_33' title="bbox 115 3447 570 3510; baseline -0.009 1"><span class='ocrx_word' id='word_1_284' title='bbox 115 3455 204 3510; x_wconf 82' lang='lat' dir='ltr'><strong>omnia</strong></span> <span class='ocrx_word' id='word_1_285' title='bbox 228 3447 359 3509; x_wconf 77' lang='lat' dir='ltr'><strong>delendae</strong></span> <span class='ocrx_word' id='word_1_286' title='bbox 379 3451 477 3507; x_wconf 62' lang='lat' dir='ltr'><strong>arbim</strong></span> <span class='ocrx_word' id='word_1_287' title='bbox 496 3450 570 3507; x_wconf 85' lang='lat' dir='ltr'><strong>idem</strong></span> 
     </span>
     <span class='ocr_line' id='line_1_34' title="bbox 115 3535 568 3622; baseline -0.004 -23"><span class='ocrx_word' id='word_1_288' title='bbox 115 3541 190 3622; x_wconf 81' lang='lat' dir='ltr'><strong>quod</strong></span> <span class='ocrx_word' id='word_1_289' title='bbox 208 3542 348 3618; x_wconf 81' lang='lat' dir='ltr'><strong>sequeutia</strong></span> <span class='ocrx_word' id='word_1_290' title='bbox 369 3535 568 3612; x_wconf 82' lang='lat' dir='ltr'><strong>significabunt.</strong></span> 
     </span>
    </p>
   </div>
   <div class='ocr_carea' id='block_1_9' title="bbox 8 3623 568 3703">
    <p class='ocr_par' dir='ltr' id='par_1_12' title="bbox 8 3623 568 3703">
     <span class='ocr_line' id='line_1_35' title="bbox 8 3623 568 3703; baseline -0.016 -14"><span class='ocrx_word' id='word_1_291' title='bbox 8 3633 9 3638; x_wconf 72' lang='grc'>’</span> <span class='ocrx_word' id='word_1_292' title='bbox 114 3659 152 3674; x_wconf 89' lang='lat'><strong>·-·</strong></span> <span class='ocrx_word' id='word_1_293' title='bbox 170 3629 191 3686; x_wconf 94' lang='grc' dir='ltr'><strong>Ρ</strong></span> <span class='ocrx_word' id='word_1_294' title='bbox 208 3649 245 3689; x_wconf 82' lang='lat' dir='ltr'><strong>m.</strong></span> <span class='ocrx_word' id='word_1_295' title='bbox 263 3637 303 3686; x_wconf 82' lang='lat'><strong>1.=</strong></span> <span class='ocrx_word' id='word_1_296' title='bbox 326 3628 351 3683; x_wconf 84' lang='lat' dir='ltr'><strong>si</strong></span> <span class='ocrx_word' id='word_1_297' title='bbox 371 3623 499 3703; x_wconf 72' lang='lat' dir='ltr'><strong>compelli</strong></span> <span class='ocrx_word' id='word_1_298' title='bbox 522 3625 568 3681; x_wconf 83' lang='lat' dir='ltr'><strong>ad·</strong></span> 
     </span>
    </p>
   </div>
   <div class='ocr_carea' id='block_1_10' title="bbox 69 3716 568 3862">
    <p class='ocr_par' dir='ltr' id='par_1_13' title="bbox 69 3716 568 3862">
     <span class='ocr_line' id='line_1_36' title="bbox 114 3716 270 3775; baseline 0.006 -1"><span class='ocrx_word' id='word_1_299' title='bbox 114 3716 270 3775; x_wconf 83' lang='lat' dir='ltr'><strong>editionem.</strong></span> 
     </span>
     <span class='ocr_line' id='line_1_37' title="bbox 69 3798 568 3862; baseline 0.002 -5"><span class='ocrx_word' id='word_1_300' title='bbox 69 3803 97 3861; x_wconf 80' lang='lat'><strong>6.</strong></span> <span class='ocrx_word' id='word_1_301' title='bbox 114 3803 239 3862; x_wconf 75' lang='lat' dir='ltr'><strong>caritate</strong></span> <span class='ocrx_word' id='word_1_302' title='bbox 256 3803 362 3861; x_wconf 75' lang='lat' dir='ltr'><strong>redum</strong></span> <span class='ocrx_word' id='word_1_303' title='bbox 372 3819 521 3860; x_wconf 72' lang='lat' dir='ltr'><strong>auarum:</strong></span> <span class='ocrx_word' id='word_1_304' title='bbox 540 3798 568 3858; x_wconf 89' lang='grc' dir='ltr'><strong>Μ</strong></span> 
     </span>
    </p>
   </div>
   <div class='ocr_carea' id='block_1_11' title="bbox 50 3887 568 3949">
    <p class='ocr_par' dir='ltr' id='par_1_14' title="bbox 50 3887 568 3949">
     <span class='ocr_line' id='line_1_38' title="bbox 50 3887 568 3949; baseline 0.01 -6"><span class='ocrx_word' id='word_1_305' title='bbox 50 3923 52 3932; x_wconf 69' lang='lat'><em>,</em></span> <span class='ocrx_word' id='word_1_306' title='bbox 114 3905 153 3945; x_wconf 83' lang='lat' dir='ltr'><strong>m.</strong></span> <span class='ocrx_word' id='word_1_307' title='bbox 171 3891 197 3949; x_wconf 89' lang='lat'><strong>1.</strong></span> <span class='ocrx_word' id='word_1_308' title='bbox 214 3889 277 3949; x_wconf 85' lang='lat' dir='ltr'><strong>eod.</strong></span> <span class='ocrx_word' id='word_1_309' title='bbox 293 3888 379 3949; x_wconf 79' lang='lat' dir='ltr'><strong>Rhen.</strong></span> <span class='ocrx_word' id='word_1_310' title='bbox 391 3919 426 3932; x_wconf 88' lang='lat'><strong>·-</strong></span> <span class='ocrx_word' id='word_1_311' title='bbox 439 3887 471 3946; x_wconf 83' lang='grc' dir='ltr'><strong>Μ</strong></span> <span class='ocrx_word' id='word_1_312' title='bbox 487 3909 523 3948; x_wconf 87' lang='lat' dir='ltr'><strong>ru.</strong></span> <span class='ocrx_word' id='word_1_313' title='bbox 542 3891 568 3948; x_wconf 79' lang='lat'><strong>2.</strong></span> 
     </span>
    </p>
   </div>
   <div class='ocr_carea' id='block_1_12' title="bbox 15 3968 568 4045">
    <p class='ocr_par' dir='ltr' id='par_1_15' title="bbox 15 3968 568 4045">
     <span class='ocr_line' id='line_1_39' title="bbox 15 3968 568 4045; baseline -0.005 -7"><span class='ocrx_word' id='word_1_314' title='bbox 15 4019 18 4038; x_wconf 62' lang='lat'>1</span> <span class='ocrx_word' id='word_1_315' title='bbox 47 4023 52 4045; x_wconf 90' lang='grc'>,</span> <span class='ocrx_word' id='word_1_316' title='bbox 115 3973 252 4038; x_wconf 83' lang='lat' dir='ltr'><strong>l’llarl.r.</strong></span> <span class='ocrx_word' id='word_1_317' title='bbox 271 3975 319 4035; x_wconf 81' lang='lat' dir='ltr'><strong>alr</strong></span> <span class='ocrx_word' id='word_1_318' title='bbox 337 3968 507 4037; x_wconf 66' lang='lat' dir='ltr'><strong>redium-</strong></span> <span class='ocrx_word' id='word_1_319' title='bbox 524 3973 568 4035; x_wconf 81' lang='lat' dir='ltr'><strong>Cf.</strong></span> 
     </span>
    </p>
   </div>
   <div class='ocr_carea' id='block_1_13' title="bbox 112 4060 567 4238">
    <p class='ocr_par' dir='ltr' id='par_1_16' title="bbox 112 4060 567 4238">
     <span class='ocr_line' id='line_1_40' title="bbox 112 4060 567 4135; baseline 0.009 -16"><span class='ocrx_word' id='word_1_320' title='bbox 112 4060 160 4133; x_wconf 68' lang='grc'><strong>99,</strong></span> <span class='ocrx_word' id='word_1_321' title='bbox 172 4069 214 4123; x_wconf 79' lang='lat'><strong>3.=</strong></span> <span class='ocrx_word' id='word_1_322' title='bbox 231 4069 480 4133; x_wconf 72' lang='lat' dir='ltr'><strong>‚‚aex&#39;meurum“</strong></span> <span class='ocrx_word' id='word_1_323' title='bbox 491 4062 567 4135; x_wconf 78' lang='lat' dir='ltr'><strong>(Pur.</strong></span> 
     </span>
     <span class='ocr_line' id='line_1_41' title="bbox 114 4146 567 4238; baseline -0.002 -30"><span class='ocrx_word' id='word_1_324' title='bbox 114 4149 195 4212; x_wconf 76' lang='lat' dir='ltr'><strong>colu.</strong></span> <span class='ocrx_word' id='word_1_325' title='bbox 211 4171 248 4212; x_wconf 91' lang='lat' dir='ltr'><strong>m.</strong></span> <span class='ocrx_word' id='word_1_326' title='bbox 267 4153 317 4223; x_wconf 87' lang='grc'><strong>1.).</strong></span> <span class='ocrx_word' id='word_1_327' title='bbox 341 4147 434 4238; x_wconf 70' lang='grc' dir='ltr'><strong>-Ρε</strong></span> <span class='ocrx_word' id='word_1_328' title='bbox 457 4146 567 4230; x_wconf 74' lang='lat' dir='ltr'><strong>qtleum·</strong></span> 
     </span>
    </p>
   </div>
   <div class='ocr_carea' id='block_1_14' title="bbox 702 3190 1158 3508">
    <p class='ocr_par' dir='ltr' id='par_1_17' title="bbox 702 3190 1158 3508">
     <span class='ocr_line' id='line_1_42' title="bbox 704 3190 1157 3266; baseline 0.009 -20"><span class='ocrx_word' id='word_1_329' title='bbox 704 3191 754 3246; x_wconf 90' lang='lat' dir='ltr'><strong>bus</strong></span> <span class='ocrx_word' id='word_1_330' title='bbox 766 3190 853 3250; x_wconf 86' lang='lat' dir='ltr'><strong>solum</strong></span> <span class='ocrx_word' id='word_1_331' title='bbox 867 3194 1007 3266; x_wconf 80' lang='lat' dir='ltr'><strong>consipere</strong></span> <span class='ocrx_word' id='word_1_332' title='bbox 1024 3195 1075 3259; x_wconf 82' lang='lat' dir='ltr'><strong>(ex</strong></span> <span class='ocrx_word' id='word_1_333' title='bbox 1087 3193 1157 3250; x_wconf 77' lang='lat' dir='ltr'><strong>coni.</strong></span> 
     </span>
     <span class='ocr_line' id='line_1_43' title="bbox 702 3275 1158 3354; baseline -0.004 -22"><span class='ocrx_word' id='word_1_334' title='bbox 702 3276 816 3354; x_wconf 86' lang='lat' dir='ltr'><strong>Lipsii).</strong></span> <span class='ocrx_word' id='word_1_335' title='bbox 830 3275 900 3344; x_wconf 78' lang='lat' dir='ltr'><strong>„¹Sie</strong></span> <span class='ocrx_word' id='word_1_336' title='bbox 913 3275 1029 3332; x_wconf 85' lang='lat' dir='ltr'><strong>lounterr</strong></span> <span class='ocrx_word' id='word_1_337' title='bbox 1040 3295 1069 3331; x_wconf 87' lang='lat' dir='ltr'><strong>es</strong></span> <span class='ocrx_word' id='word_1_338' title='bbox 1080 3275 1158 3334; x_wconf 84' lang='lat' dir='ltr'><strong>nicht</strong></span> 
     </span>
     <span class='ocr_line' id='line_1_44' title="bbox 703 3361 1157 3436; baseline -0.004 -16"><span class='ocrx_word' id='word_1_339' title='bbox 703 3361 792 3420; x_wconf 83' lang='lat' dir='ltr'><strong>lasseu</strong></span> <span class='ocrx_word' id='word_1_340' title='bbox 804 3362 875 3419; x_wconf 85' lang='lat' dir='ltr'><strong>noch</strong></span> <span class='ocrx_word' id='word_1_341' title='bbox 887 3361 1031 3436; x_wconf 80' lang='lat' dir='ltr'><strong>begreiseu‚</strong></span> <span class='ocrx_word' id='word_1_342' title='bbox 1050 3361 1114 3418; x_wconf 83' lang='lat' dir='ltr'><strong>(lass</strong></span> <span class='ocrx_word' id='word_1_343' title='bbox 1126 3383 1157 3418; x_wconf 83' lang='lat' dir='ltr'><strong>es</strong></span> 
     </span>
     <span class='ocr_line' id='line_1_45' title="bbox 703 3447 1157 3508; baseline 0.007 -3"><span class='ocrx_word' id='word_1_344' title='bbox 703 3447 786 3506; x_wconf 89' lang='lat' dir='ltr'><strong>dahirr</strong></span> <span class='ocrx_word' id='word_1_345' title='bbox 799 3447 867 3506; x_wconf 85' lang='lat' dir='ltr'><strong>habe</strong></span> <span class='ocrx_word' id='word_1_346' title='bbox 880 3449 1003 3507; x_wconf 87' lang='lat' dir='ltr'><strong>lommeu</strong></span> <span class='ocrx_word' id='word_1_347' title='bbox 1017 3447 1157 3508; x_wconf 54' lang='lat' dir='ltr'><strong>irionem&amp;</strong></span> 
     </span>
    </p>
   </div>
   <div class='ocr_carea' id='block_1_15' title="bbox 642 3533 1157 3614">
    <p class='ocr_par' dir='ltr' id='par_1_18' title="bbox 642 3533 1157 3614">
     <span class='ocr_line' id='line_1_46' title="bbox 642 3533 1157 3614; baseline 0.01 -24"><span class='ocrx_word' id='word_1_348' title='bbox 642 3533 685 3594; x_wconf 79' lang='grc'><strong>11.</strong></span> <span class='ocrx_word' id='word_1_349' title='bbox 699 3554 882 3614; x_wconf 81' lang='lat' dir='ltr'><strong>quocumque</strong></span> <span class='ocrx_word' id='word_1_350' title='bbox 891 3535 1157 3596; x_wconf 76' lang='lat' dir='ltr'><strong>clamorlaostr&#39;umr</strong></span> 
     </span>
    </p>
   </div>
   <div class='ocr_carea' id='block_1_16' title="bbox 680 3614 1157 3964">
    <p class='ocr_par' dir='ltr' id='par_1_19' title="bbox 680 3614 1157 3964">
     <span class='ocr_line' id='line_1_47' title="bbox 704 3614 1157 3694; baseline 0.011 -15"><span class='ocrx_word' id='word_1_351' title='bbox 704 3623 811 3694; x_wconf 76' lang='lat' dir='ltr'><strong>l&#39;or&#39;tug.</strong></span> <span class='ocrx_word' id='word_1_352' title='bbox 839 3625 873 3690; x_wconf 83' lang='lat' dir='ltr'><strong>al.</strong></span> <span class='ocrx_word' id='word_1_353' title='bbox 901 3656 935 3666; x_wconf 92' lang='lat'>—</span> <span class='ocrx_word' id='word_1_354' title='bbox 964 3623 1015 3682; x_wconf 87' lang='grc' dir='ltr'><strong>ΡΜ</strong></span> <span class='ocrx_word' id='word_1_355' title='bbox 1041 3614 1114 3686; x_wconf 87' lang='lat' dir='ltr'><strong>Harl.</strong></span> <span class='ocrx_word' id='word_1_356' title='bbox 1132 3635 1157 3686; x_wconf 73' lang='grc'><strong>’1.</strong></span> 
     </span>
     <span class='ocr_line' id='line_1_48' title="bbox 702 3699 1155 3792; baseline 0 -26"><span class='ocrx_word' id='word_1_357' title='bbox 702 3709 778 3768; x_wconf 81' lang='lat' dir='ltr'><strong>Leid.</strong></span> <span class='ocrx_word' id='word_1_358' title='bbox 790 3732 807 3771; x_wconf 84' lang='lat'><strong>1.</strong></span> <span class='ocrx_word' id='word_1_359' title='bbox 827 3711 875 3773; x_wconf 78' lang='lat' dir='ltr'><strong>alr</strong></span> <span class='ocrx_word' id='word_1_360' title='bbox 894 3699 1085 3792; x_wconf 73' lang='lat' dir='ltr'><strong>„quocumque</strong></span> <span class='ocrx_word' id='word_1_361' title='bbox 1104 3707 1155 3768; x_wconf 57' lang='lat' dir='ltr'><strong>ela*</strong></span> 
     </span>
     <span class='ocr_line' id='line_1_49' title="bbox 680 3793 1155 3860; baseline 0 -6"><span class='ocrx_word' id='word_1_362' title='bbox 680 3805 685 3814; x_wconf 86' lang='lat'><em>&#39;</em></span> <span class='ocrx_word' id='word_1_363' title='bbox 702 3815 761 3855; x_wconf 88' lang='lat' dir='ltr'><strong>mor</strong></span> <span class='ocrx_word' id='word_1_364' title='bbox 777 3801 895 3860; x_wconf 77' lang='lat' dir='ltr'><strong>sonitus</strong></span> <span class='ocrx_word' id='word_1_365' title='bbox 907 3801 1057 3858; x_wconf 56' lang='lat' dir='ltr'><strong>hostium‘t</strong></span> <span class='ocrx_word' id='word_1_366' title='bbox 1075 3793 1155 3855; x_wconf 81' lang='lat' dir='ltr'><strong>Vide-</strong></span> 
     </span>
     <span class='ocr_line' id='line_1_50' title="bbox 701 3885 1155 3964; baseline 0.007 -25"><span class='ocrx_word' id='word_1_367' title='bbox 701 3896 744 3942; x_wconf 83' lang='lat' dir='ltr'><strong>tur</strong></span> <span class='ocrx_word' id='word_1_368' title='bbox 767 3888 885 3946; x_wconf 66' lang='lat' dir='ltr'><strong>sonitus</strong></span> <span class='ocrx_word' id='word_1_369' title='bbox 911 3887 1012 3945; x_wconf 81' lang='lat' dir='ltr'><strong>incuria</strong></span> <span class='ocrx_word' id='word_1_370' title='bbox 1041 3885 1155 3964; x_wconf 84' lang='lat' dir='ltr'><strong>quadam</strong></span> 
     </span>
    </p>
   </div>
   <div class='ocr_carea' id='block_1_17' title="bbox 701 3972 1260 4051">
    <p class='ocr_par' dir='ltr' id='par_1_20' title="bbox 701 3972 1260 4051">
     <span class='ocr_line' id='line_1_51' title="bbox 701 3972 1260 4051; baseline 0.004 -23"><span class='ocrx_word' id='word_1_371' title='bbox 701 3972 872 4032; x_wconf 80' lang='lat' dir='ltr'><strong>librariorum</strong></span> <span class='ocrx_word' id='word_1_372' title='bbox 890 3983 1063 4051; x_wconf 79' lang='lat' dir='ltr'><strong>exsequente</strong></span> <span class='ocrx_word' id='word_1_373' title='bbox 1075 3989 1155 4031; x_wconf 83' lang='lat' dir='ltr'><strong>versu</strong></span> <span class='ocrx_word' id='word_1_374' title='bbox 1248 4018 1260 4048; x_wconf 75' lang='lat'>,</span> 
     </span>
    </p>
   </div>
   <div class='ocr_carea' id='block_1_18' title="bbox 697 4060 1154 4220">
    <p class='ocr_par' dir='ltr' id='par_1_21' title="bbox 697 4060 1154 4220">
     <span class='ocr_line' id='line_1_52' title="bbox 700 4060 1154 4139; baseline 0.002 -24"><span class='ocrx_word' id='word_1_375' title='bbox 700 4063 780 4121; x_wconf 86' lang='lat' dir='ltr'><strong>etiam</strong></span> <span class='ocrx_word' id='word_1_376' title='bbox 807 4062 835 4119; x_wconf 89' lang='lat' dir='ltr'><strong>in</strong></span> <span class='ocrx_word' id='word_1_377' title='bbox 861 4060 934 4120; x_wconf 79' lang='lat' dir='ltr'><strong>hune</strong></span> <span class='ocrx_word' id='word_1_378' title='bbox 957 4063 1076 4139; x_wconf 85' lang='lat' dir='ltr'><strong>priorem</strong></span> <span class='ocrx_word' id='word_1_379' title='bbox 1105 4063 1154 4116; x_wconf 71' lang='lat' dir='ltr'><strong>mi«</strong></span> 
     </span>
     <span class='ocr_line' id='line_1_53' title="bbox 697 4145 1153 4220; baseline 0.002 -13"><span class='ocrx_word' id='word_1_380' title='bbox 697 4167 796 4220; x_wconf 57' lang='lat' dir='ltr'><strong>massa.</strong></span> <span class='ocrx_word' id='word_1_381' title='bbox 832 4145 876 4206; x_wconf 86' lang='lat' dir='ltr'><strong>Cl.</strong></span> <span class='ocrx_word' id='word_1_382' title='bbox 903 4145 935 4208; x_wconf 87' lang='lat' dir='ltr'><strong>T.</strong></span> <span class='ocrx_word' id='word_1_383' title='bbox 963 4147 1022 4208; x_wconf 85' lang='lat' dir='ltr'><strong>Livi</strong></span> <span class='ocrx_word' id='word_1_384' title='bbox 1049 4148 1068 4206; x_wconf 87' lang='lat' dir='ltr'><strong>l.</strong></span> <span class='ocrx_word' id='word_1_385' title='bbox 1092 4169 1153 4208; x_wconf 72' lang='lat' dir='ltr'><strong>mr.</strong></span> 
     </span>
    </p>
   </div>
   <div class='ocr_carea' id='block_1_19' title="bbox 813 4237 953 4307">
    <p class='ocr_par' dir='ltr' id='par_1_22' title="bbox 813 4237 953 4307">
     <span class='ocr_line' id='line_1_54' title="bbox 813 4237 953 4307; baseline -0.029 1"><span class='ocrx_word' id='word_1_386' title='bbox 813 4238 815 4248; x_wconf 85' lang='lat'>&#39;</span> <span class='ocrx_word' id='word_1_387' title='bbox 885 4237 953 4307; x_wconf 82' lang='lat'><strong>37·</strong></span> 
     </span>
    </p>
   </div>
   <div class='ocr_carea' id='block_1_20' title="bbox 0 0 1380 4720">
    <p class='ocr_par' dir='ltr' id='par_1_23' title="bbox 0 0 1380 4720">
     <span class='ocr_line' id='line_1_55' title="bbox 0 0 1380 4720; baseline 0 0"><span class='ocrx_word' id='word_1_388' title='bbox 0 0 1380 4720; x_wconf 95' lang='lat' dir='ltr'><strong> </strong></span> 
     </span>
    </p>
   </div>
  </div>
 </body>
</html>
