2838 4822
230 202 313 280 40'.
701 221 852 282 unsar
967 301 972 312 ,

128 409 134 425 ·
229 385 354 454 subiere
376 386 416 454 ad
438 395 570 470 montes,
591 405 651 454 nec
672 385 841 476 imperium
862 383 942 454 illud
956 407 1066 452 meum
1079 334 1139 450 sed
1152 381 1346 452 consilinm
1409 389 1410 456 3

229 499 264 559 et
282 489 393 582 inperii
414 489 572 560 simulatio
595 488 663 572 fuit,
685 499 721 556 ut
737 512 797 558 nec
811 489 902 560 vobis
916 486 1132 582 ignorantibus
1147 487 1253 554 deseri
1270 513 1344 554 vos

230 604 423 664 averteretur
444 620 463 664 a
484 593 656 662 certamine
677 593 809 676 annin,
830 603 865 664 et
884 593 1029 664 hostibus
1052 591 1275 660 circmuvcniri
1294 616 1344 658 se
1409 639 1410 650 ,

212 689 271 768 'ab
292 711 382 791 tergo
401 699 477 768 ratis
497 709 600 767 terror
621 721 659 768 ac
680 697 754 788 luga
775 697 952 778 iniceretur.
974 721 1095 768 necea
1111 695 1206 786 culpa
1226 719 1342 786 quam
1408 685 1410 714 ⁴

199 817 327 895 tangue
348 805 492 876 omnium
513 801 709 872 Albanorum
731 813 791 872 est
813 802 929 870 ducem
949 801 1051 870 secuti
1067 811 1142 868 sunt
1156 809 1193 868 ut
1208 809 1243 866 et
1260 821 1341 882 vos,

228 907 256 976 si
277 931 342 998 quo
363 933 425 1000 ego
446 907 521 978 inde
542 930 657 1000 agrnen
678 906 834 976 declinare
856 903 1037 993 voluissem,
1060 903 1224 974 lecbsetis.
1246 900 1340 970 lllet·

228 1009 288 1080 tius
309 1011 364 1081 ille
386 1023 438 1082 est
458 1012 572 1081 ductor
592 1010 709 1080 itineris
731 1011 840 1094 huis,
867 1006 999 1079 Mettius
1024 1010 1111 1096 idem
1137 1005 1231 1074 buius
1262 1032 1335 1074 ma-

227 1112 372 1185 chinator
397 1115 489 1204 belli,
515 1115 648 1186 Mettius
673 1115 809 1185 foederis
835 1114 970 1184 Romani
996 1111 1174 1204 Albanique
1202 1123 1332 1212 ruptor.

162 1289 165 1300 ,
228 1217 344 1288 audeat
365 1219 479 1290 deinde
499 1221 575 1290 talia
596 1219 684 1305 alius,
705 1219 764 1290 nisi
786 1221 818 1290 in
839 1219 926 1288 hunc
940 1217 1059 1310 insignio
1074 1217 1138 1284 iam
1154 1217 1333 1286 documen-
1400 1231 1408 1236 '

180 1331 298 1394 totum
325 1323 512 1396 mortalibus
539 1323 693 1394 deder0.“
719 1323 920 1394 centuriones
947 1321 1058 1392 armati
1088 1319 1236 1396 Mettium
1273 1322 1332 1390 cir-
1409 1357 1410 1378 ι

153 1491 158 1503 r
228 1428 428 1500 cumsistunt.
448 1448 508 1500 rex
529 1439 634 1500 cetera
656 1440 694 1498 ut
714 1451 805 1498 orsus
828 1438 895 1498 erat
915 1426 1047 1520 peragit.
1068 1427 1181 1518 „quod
1202 1426 1333 1494 bonum

228 1530 368 1602 faustum
389 1533 531 1627 felixque
553 1533 595 1604 sit
615 1532 739 1627 populo
759 1533 906 1604 Romano
928 1556 967 1602 ac
988 1531 1066 1600 mili
1087 1531 1253 1621 vobisque,
1276 1530 1331 1600 Al·
1409 1589 1410 1608 2

227 1633 309 1724 bani,
330 1638 488 1731 populum
509 1661 642 1710 omnem
653 1637 814 1708 Albanum
827 1638 966 1708 Romam
987 1636 1150 1708 traducere
1170 1632 1333 1706 in'animo

227 1753 292 1828 est,-
306 1743 466 1818 civitatem
493 1744 568 1818 dare
590 1742 690 1836 plebi,
717 1743 873 1836 primores
899 1745 933 1812 in
961 1753 1069 1834 patres
1089 1740 1205 1831 legere,
1227 1762 1330 1806 ruram

140 1891 144 1900 »
183 1847 341 1918 15ιιιῑιειιι
362 1872 461 1918 unam
481 1871 552 1920 rem
572 1847 735 1938 publicam
757 1848 871 1916 iacere.
900 1859 938 1917 ut
958 1870 1000 1915 ex
1021 1869 1087 1914 uno
1108 1843 1273 1936 quondam
1294 1843 1330 1910 in

94 1993 102 2008 ,
228 1949 310 2018 duos
330 1951 469 2041 populos
492 1949 590 2018 divisa
612 1947 735 2019 Albana
755 1973 807 2019 res
828 1962 892 2036 est,
919 1949 966 2022 sic
986 1950 1125 2020 nuncin
1152 1972 1252 2018 unum
1280 1973 1330 2016 re·
1409 1997 1410 2000 ,

228 2054 361 2125 deant.“
381 2054 422 2124 ad
443 2053 525 2124 haec
544 2049 668 2122 Albana
688 2053 792 2145 pubes
813 2054 942 2124 inermis
970 2055 1011 2122 ab
1033 2054 1159 2124 arnratis
1174 2064 1272 2144 septa
1295 2053 1330 2148 in

228 2156 322 2253 variis
342 2156 559 2230 voluntatibus
580 2143 743 2226 communi
768 2171 878 2228 tamen
899 2172 989 2230 metu
1009 2169 1143 2250 cogente
1166 2157 1330 2226 silentium

229 2271 326 2334 tenet.
347 2273 418 2331 tum
438 2263 554 2332 'lullus
575 2261 692 2346 „Metti
712 2261 841 2334 Furem
862 2264 972 2356 inquit,
992 2264 1020 2332 si
1034 2264 1103 2354 ipse
1118 2263 1239 2332 monce
1253 2287 1329 2354 pos-

181 2375 217 2432 20
229 2387 281 2432 ses
302 2366 399 2436 tidem
420 2390 460 2438 ac
480 2367 610 2438 foedera
632 2390 768 2454 servare,
788 2368 863 2440 vivo
884 2370 941 2438 tibi
964 2393 1007 2450 ‚ea
1036 2365 1198 2460 disciplina
1225 2391 1244 2434 a
1272 2392 1329 2436 me

230 2468 369 2542 adbibita
381 2484 491 2556 esset:
512 2463 598 2572 abac
620 2465 771 2566 quonism
792 2486 885 2572 tumn
905 2473 1078 2544 insanabile
1092 2471 1253 2564 ingenium
1267 2484 1329 2556 est,

160 2605 163 2624 ι
229 2583 264 2642 at
283 2583 320 2642 tu
340 2586 398 2650 tuo
417 2576 576 2670 supplicio
598 2577 679 2650 doce
699 2577 875 2656 humanum
896 2601 1000 2672 genus
1018 2602 1057 2646 ea
1073 2587 1183 2646 sancta
1197 2577 1328 2646 credere
1390 2625 1393 2632 -

229 2699 313 2767 quae
335 2703 354 2750 a
375 2691 408 2751 te
428 2682 547 2754 molan
567 2693 652 2754 sunt.
680 2694 717 2754 ut
737 2683 830 2776 igitur
849 2685 947 2777 paulo
975 2695 1049 2754 ante
1077 2682 1218 2752 aninnun
1245 2681 1330 2750 inter

229 2779 413 2856 Fidenatem
427 2786 670 2881 Romanamque
686 2811 756 2858 rem
770 2788 942 2878 ancipitem
962 2786 1094 2876 gessisti,
1115 2786 1159 2854 ita
1179 2783 1243 2854 iam
1259 2809 1327 2853 cor-

111 2907 124 2939 s
183 2896 293 2974 tipus
314 2888 437 2974 passim
471 2892 710 2960 distrahendum
737 2890 860 2960 dabis.“
888 2889 1003 2960 exinde
1035 2891 1167 2970 duabus
1191 2890 1329 2958 admotis
1384 2953 1390 2968 ,

229 2988 389 3078 quadrigis
411 2989 444 3059 in
466 3015 577 3062 currus
598 3017 708 3064 earum
728 2995 898 3068 distentum
912 2994 1020 3088 inligat
1033 2995 1190 3078 Mettius,
1213 2994 1328 3062 deinde

165 3121 168 3127 ·
202 3089 264 3158 ·in
291 3091 451 3185 diversum
477 3095 538 3164 iter
564 3096 640 3187 equi
667 3099 813 3169 concitati
839 3101 981 3170 lacerum
1007 3099 1040 3168 in
1066 3111 1202 3195 unoque
1230 3121 1329 3166 curru

232 3218 358 3288 ⁰⁰1P¹J⁸2
385 3221 450 3292 (1¹1³
475 3197 675 3306 inhaeserant
701 3203 833 3276 vinculis
858 3205 1012 3288 membra,
1040 3214 1214 3296 portantes.
1241 3226 1328 3270 aver·
1394 3271 1397 3288 ¹

235 3355 745 3450 '1.sasamsm0nn=r]sus-
833 3361 1014 3440 ejuratae:
1032 3379 1064 3441 n.
1086 3411 1120 3424 -
1143 3379 1175 3437 ln
1191 3377 1219 3435 u
1236 3398 1271 3436 m.
1291 3379 1328 3435 a:

103 3473 110 3482 “
165 3495 181 3526 ¹.
212 3457 242 3500 Ὁ
293 3461 747 3538 ierantadmontes.-llm.1,:
822 3455 825 3464 ¹
879 3469 991 3528 Metus:
1014 3469 1077 3526 dein
1098 3487 1126 3526 r.
1148 3469 1175 3526 7.‘
1197 3469 1237 3524 a:
1256 3453 1328 3522 Mel-
1408 3459 1409 3464 ἵ

293 3550 412 3608 subiere
439 3561 473 3610 ot
498 3559 621 3610 montes.
647 3571 684 3616 m.
706 3554 747 3610 2:
878 3563 944 3614 tus.-
963 3559 1012 3614 10:
1032 3555 1161 3613 Mettum.

295 3633 435 3692 subierant
455 3645 568 3700 montes.
594 3641 650 3717 [sie
665 3639 747 3718 paulo
818 3641 986 3721 1211&qu
1004 3643 1156 3702 Romano.-
1172 3635 1204 3694 P.
1231 3663 1265 3678 ·-
1287 3635 1338 3695 nr

214 3757 226 3780 κ
295 3728 360 3796 post
376 3722 406 3779 in
424 3721 461 3782 P:
479 3725 629 3800 maman]
729 3721 730 3724 ¹
800 3766 805 3775 x
875 3731 1101 3807 populorumoc
1118 3721 1198 3780 milri.

161 3852 163 3862 .
250 3801 279 3868 3.
296 3817 489 3871 averteretur.
508 3811 598 3874 -Pz
619 3814 746 3873 adverte·
818 3817 861 3878 16.
878 3807 1327 3882 innnumredcmafflinuuum
1386 3857 1391 3864 .

295 3905 379 3967 retur,
397 3897 424 3960 b.
443 3919 466 3958 e.
485 3901 679 3964 adverteretur.
721 3925 735 3950 -·
878 3901 978 3962 redeat.
985 3897 1083 3980 [suppl.
1090 3897 1201 3958 illidere
1207 3897 1326 3976 populi]

232 4006 268 4026 a·
294 3983 745 4087 circumueniri-Pblrdrcmn·
815 3989 860 4049 22.
877 3995 910 4046 ot
935 3996 969 4046 tu
993 3996 1044 4046 tuo
1071 3987 1183 4064 suppl:
1214 3984 1271 4046 Pu

296 4085 395 4132 venire.

1407 2027 1410 2152 l
