2836 4720
531 305 639 422 areop
658 305 702 367 111.
828 247 838 269 ’
1109 289 1173 358 aar
1251 294 1257 310 ι

71 485 143 539 stes
164 471 201 536 iu
222 470 301 537 urbe
322 457 401 538 suot
421 469 638 536 audiebantur.
676 469 823 537 consules
845 477 879 536 et
899 491 1021 552 arrnare
1046 468 1174 560 plebem
1239 481 1245 494 '

71 586 107 643 et
129 571 283 643 inermem
305 575 371 665 peti
391 574 554 642 timebant.
594 573 703 642 incerti
726 574 813 665 quud
832 573 953 642 malum
974 573 1174 663 repentbmm

70 717 117 732 --
140 689 307 760 extumum
334 701 375 744 an
403 678 601 761 intestinum,
634 678 674 745 ab
704 678 777 745 odio
805 677 908 768 plebis
936 701 978 746 an
1005 677 1045 744 ab
1068 659 1175 744 servili
1240 701 1243 716 ¹

26 788 30 800 '
69 782 185 850 fraude
207 821 251 834 -
273 781 387 852 urbem
408 771 582 866 invasisset,
604 783 757 852 sedabant
778 781 1106 878 tumultuspsedando
1129 782 1197 878 ing

15 929 17 946 ι
68 888 199 956 terdum
220 886 422 958 movebantr
446 912 506 956 nec
528 888 761 979 enimpoterat
781 885 895 977 pavida
918 896 950 953 et
973 896 1171 954 consternata
1190 900 1207 954 5

67 991 242 1058 multitudo
264 989 331 1080 regi
351 991 494 1082 imperio.
532 993 738 1086 dantltameln
759 1013 846 1060 sunu
873 1014 939 1058 non
961 990 1075 1081 vulgo,
1106 1000 1172 1056 un-

65 1107 141 1164 tum
161 1105 199 1162 ut
219 1095 339 1164 incerto
361 1095 454 1166 hoste
476 1097 668 1188 praesidium
695 1097 770 1164 salis
801 1095 902 1176 lidum
930 1095 971 1163 ad
997 1093 1103 1162 omnis
1124 1116 1172 1160 es·

14 1289 16 1294 Ι
68 1211 133 1268 set.
173 1198 297 1268 solliciti
318 1201 476 1290 reliquum
497 1202 600 1270 noetis
621 1201 796 1292 incertique
825 1190 881 1292 qui
906 1199 1053 1274 homiues
1074 1221 1172 1288 quan-

65 1315 121 1370 tus
143 1316 295 1372 numerus
322 1303 471 1374 hostium
492 1318 603 1390 esset,.
629 1307 661 1373 in
688 1305 876 1376 stationibus
903 1303 1106 1397 disponendis
1131 1302 1171 1367 ad

65 1418 249 1500 opportuna
272 1409 375 1478 umrds
397 1410 485 1478 urbis
506 1412 579 1483 luca
601 1435 705 1503 egere.
741 1409 799 1478 lux
821 1409 948 1480 deinde.
962 1408 1085 1499 aperuit
1107 1405 1171 1486 bel-
1188 1419 1220 1476 ιο

55 1514 136 1582 lum
163 1514 342 1604 ducemque
369 1515 461 1582 belli:
500 1539 613 1584 servos
634 1515 674 1582 ad
703 1513 883 1582 libertatem
903 1512 1027 1604 Appium
1048 1512 1185 1580 turdo>
1263 1497 1265 1510 ’

63 1617 138 1684 nius
161 1641 203 1686 ex
218 1617 375 1708 Capitulio
398 1618 547 1685 vocabat:
570 1641 606 1686 se
627 1618 794 1686 miserrimi
815 1618 969 1706 turiusque
991 1616 1171 1705 suscepisse

63 1743 198 1790 eausam
219 1733 256 1788 ut
279 1722 390 1790 exules
411 1721 521 1791 iniuria
543 1723 655 1814 pulsos
677 1722 709 1790 in
723 1721 858 1812 patriam
874 1721 1041 1788 reduceret
1062 1731 1095 1789 et
1108 1743 1170 1788 ser-

63 1824 150 1894 vitiis
174 1847 270 1915 grave
290 1827 412 1916 iugum-
429 1826 588 1894 demeretz
625 1826 658 1892 id
684 1813 781 1894 malle
803 1824 925 1916 populu
948 1825 1095 1892 Romano
1118 1848 1171 1890 au·

62 1942 165 1998 etorev
182 1928 266 1996 lieri:
303 1930 394 1998 aiibi
420 1953 494 2021 spes
520 1953 587 1998 non
614 1930 670 2015 sit,
699 1954 735 1998 se
756 1929 896 2000 Volseos
924 1939 958 1997 et
977 1929 1109 2020 Aequos
1137 1939 1174 2000 et,
1183 1939 1217 1994 15

66 2033 175 2102 omnia
198 2045 341 2102 extrema
362 2045 595 2124 temptaturum
614 2046 647 2102 et
668 2035 910 2104 concitaturum.
1138 2031 1149 2077 t

153 2137 242 2207 XVI.
286 2137 436 2208 Dildcere
463 2162 514 2208 res
541 2139 642 2229 magis
674 2138 817 2229 patribus
845 2148 942 2228 etque
975 2137 1182 2210 consulibus

61 2253 191 2334 praeter
219 2266 257 2309 ea
284 2253 394 2335 tamen
421 2267 504 2334 quae
532 2243 810 2326 denuntiabantur,
836 2265 877 2308 ne
900 2241 1089 2311 Veientium
1105 2265 1169 2308 neu

61 2347 256 2414 Sabinorum
274 2347 314 2413 'id
343 2347 510 2415 consilium
539 2360 624 2417 esset
656 2346 785 2432 timere,
820 2357 958 2416 etcum
984 2357 1108 2414 tantum
1135 2346 1169 2412 in

60 2451 143 2518 urbe
166 2448 306 2546 hostium
337 2463 435 2534 esset,
455 2445 542 2518 mox
563 2451 699 2520 Sabinae
721 2451 940 2540 Etruscaeque
961 2451 1104 2542 legiones
1128 2463 1217 2518 extu

62 2549 234 2644 eonpusito
268 2551 430 2638 adessent,
466 2565 536 2621 tum
570 2557 690 2624 aeterni
716 2555 826 2624 hostes
854 2555 968 2622 Vulsci
1003 2565 1038 2651 et
1063 2553 1169 2643 Aequi

60 2683 129 2728 non
149 2657 192 2724 ad
213 2656 415 2747 populandos
437 2670 474 2726 ut
494 2669 568 2728 ante
588 2660 669 2728 fines
690 2660 750 2728 sed
771 2659 812 2726 ad
827 2659 941 2726 urbem
962 2669 1000 2727 ut
1021 2682 1063 2726 ex
1077 2669 1169 2748 parte

63 2775 193 2856 captam
214 2761 367 2831 venirent.
402 2762 495 2829 multi
517 2775 549 2831 et
570 2765 648 2833 varii
667 2765 810 2831 timores.
842 2762 926 2829 inter
947 2773 1071 2830 eeteros
1094 2762 1169 2827 emi-

61 2870 159 2938 nebat
180 2879 281 2936 terror
302 2867 424 2936 servilis
446 2891 488 2935 ne
510 2891 588 2937 suus
610 2869 727 2960 cuique
751 2867 838 2935 domi
865 2860 967 2936 h'ostis
991 2866 1104 2950 esset,'
1117 2857 1180 2933 eui'

127 3099 229 3156 hostes
248 3099 280 3154 in
297 3097 469 3158 undarunt:
488 3096 523 3158 Μ.
541 3095 579 3155 sl·
711 3100 806 3158 stium:
829 3095 905 3181 Hprl,
921 3117 940 3158 ι.
969 3129 1004 3142 -
1034 3095 1110 3156 Pur.
1130 3099 1167 3155 1.=

82 3200 84 3208 ’
126 3195 218 3242 ternae
230 3203 312 3240 uoces
324 3184 462 3242 odarmu
474 3186 518 3242 ad
528 3186 579 3242 ho·
714 3187 846 3263 apperuit.
861 3215 893 3228 -
911 3183 993 3242 Paulo
1012 3195 1076 3264 post
1092 3183 1114 3242 P
1131 3204 1167 3243 m.

126 3280 188 3328 stes
199 3274 228 3328 in
241 3247 395 3328 nibesunt:
413 3271 444 3328 P.
462 3271 580 3328 alternae
613 3345 617 3358 ,
714 3277 754 3334 1.:
772 3293 803 3330 se
818 3274 989 3330 misermiurl.

110 3377 208 3414 ·uuees
226 3365 255 3413 et
272 3375 358 3411 omno
381 3366 411 3413 et
432 3357 533 3416 hostes
552 3361 581 3414 in
652 3362 695 3419 13.
714 3368 743 3416 ct
760 3361 908 3416 seruitiis.-
926 3355 984 3416 ΡΜ.

128 3443 196 3500 urbe
223 3452 301 3500 sunt:
327 3441 402 3502 Harl.
420 3462 438 3503 1.
465 3443 581 3501 alternae
653 3448 696 3506 14.
715 3446 749 3502 td
765 3447 892 3517 molles}
912 3449 928 3500 i·
948 3440 1167 3518 auctore'fierir

125 3523 212 3588 'uoces
229 3539 260 3587 et
276 3530 320 3586 ad
336 3548 422 3586 armo
439 3540 469 3587 et
480 3531 581 3590 hostes
714 3532 778 3592 Plll:
806 3532 855 3589 sed
873 3530 895 3589 P
913 3549 949 3589 ru.
973 3535 1008 3588 ln
1031 3530 1109 3588 male.
1133 3559 1168 3570 -

125 3621 155 3675 in
173 3617 239 3675 urbe
256 3626 331 3674 snut:
352 3614 430 3677 Leid.
447 3637 476 3677 ιι.
716 3620 738 3675 Ρ
755 3639 791 3678 m.
810 3622 850 3676 1.:
868 3616 929 3675 sibi.
948 3637 985 3684 nr.
1002 3617 1043 3675 2:
1062 3617 1091 3674 si
1107 3617 1156 3675 tbi.

82 3695 581 3764 t.sedandointerddmmouetant:
654 3709 697 3767 18.
712 3715 832 3782 praeter
850 3725 901 3762 eu:
919 3702 953 3764 lll.
972 3735 1006 3747 -
1024 3702 1060 3760 P:
1079 3691 1167 3778 pfea.
1241 3775 1244 3784 ‚

127 3790 185 3851 ΡΜ.
651 3796 696 3852 20.
714 3790 845 3854 Sabinae
853 3793 1059 3869 Etruscaeque
1076 3793 1167 3871 legio·
1239 3790 1245 3805 '

82 3879 109 3936 8.
128 3879 289 3956 reliquum:
308 3879 337 3939 P.
355 3879 481 3956 reliqum:
501 3879 536 3940 ll.
712 3901 781 3937 nea:
798 3879 855 3939 Plll.
878 3911 911 3920 -
939 3877 1014 3938 Harl.
1032 3898 1066 3938 r.:
1089 3878 1166 3936 Sabi·

74 3993 107 4004 —
128 3973 259 4041 quantus
281 3966 336 4035 (Pr
360 3972 505 4044 quantum)
527 3987 580 4024 uu·
713 3988 763 4027 nae
780 3967 908 4024 Etruscae
925 3965 1054 4040 legiones.

13 4123 16 4130 ,
125 4070 226 4108 merus
249 4051 379 4109 hostium
400 4064 494 4112 esset:
522 4055 595 4116 Pur,
651 4055 695 4112 21.
713 4064 776 4110 tum
793 4054 1026 4114 aeternitates
1045 4052 1167 4113 Vulsci:

124 4149 239 4215 quantus
269 4157 396 4198 numerus
425 4153 497 4199 esset
531 4143 579 4198 bo·
712 4139 769 4201 ΡΜ.
787 4173 821 4184 -
843 4140 879 4200 Pr
901 4151 929 4198 et
946 4141 1017 4216 equi.
