2802 4726
228 263 293 334 482
688 267 797 329 tmen
816 267 862 328 1v.

122 423 128 442 ⁸
189 397 193 406 Ι
230 439 318 508 xirne
341 432 531 526 tempestivo
556 429 734 522 principum
749 431 782 497 in
797 427 1029 503 multitudinem
1044 451 1187 512 mernere,
1209 441 1348 500 utente

229 543 423 612 mentionem
445 538 545 608 ullam
572 536 678 628 plebis.
702 536 964 625 tribunorumque
979 533 1177 620 ⁴decerneret
1202 548 1347 602 senatus

231 657 268 714 ut
288 643 480 736 stipendium
502 642 594 712 miles
618 642 666 712 de,
680 641 809 740 publico
833 641 999 732 acciperet,
1021 663 1095 706 cum
1111 649 1186 708 oute
1207 639 1242 706 id
1257 651 1346 708 tem-

231 774 292 840 pus
314 749 354 816 de
377 771 437 816 suo
460 748 595 840 quisque
618 747 746 814 functus
768 769 809 814 eo
830 769 962 817 munere
985 755 1098 822 esset,

200 874 219 928 5
318 851 387 920 LX.
432 851 519 920 Nihil
547 863 715 943 acceptum
741 875 896 942 umquam
923 875 942 916 e
969 849 1064 940 plebe
1093 859 1182 917 tento
1216 850 1345 938 gaudio

232 958 374 1028 truditur.
420 981 612 1026 concursum
638 957 744 1047 itaque
772 958 814 1024 ed
846 955 965 1035 citriam
999 977 1071 1022 esse
1106 963 1346 1044 prensatasque

234 1062 419 1132 exeuntium
440 1085 554 1130 manus
576 1073 609 1130 ct
636 1072 743 1152 potres
764 1086 840 1130 vere
873 1059 1066 1152 appellatos,
1092 1059 1245 1129 effectum
1267 1083 1348 1126 esse

139 1161 141 1173 '
233 1167 403 1236 latentibus
425 1177 461 1234 ut
483 1191 578 1234 nemo
590 1157 660 1258 'pro
680 1177 748 1234 tam
762 1164 1027 1255 munilicnlpetria
1042 1165 1148 1236 donec
1162 1165 1346 1255 quicquam

124 1259 127 1266 ⁴
231 1272 344 1346 virium
365 1281 547 1362 superesset
568 1271 695 1362 corpori
725 1283 780 1343 out
806 1269 949 1360 sanguini
977 1293 1038 1342 suo
1065 1280 1219 1358 parceret.
1260 1294 1347 1336 cum

296 1429 325 1484 in
342 1426 448 1505 plebem
467 1457 501 1469 —
513 1425 636 1485 tribunos
652 1428 690 1504 pl.
709 1427 748 1487 ol·

294 1513 386 1572 lenens
404 1507 436 1572 nc
453 1517 602 1583 concitatos
621 1521 713 1575 esse“.

252 1605 277 1659 l.
289 1611 358 1659 oute
367 1604 543 1660 mentionem
553 1605 647 1681 ullum
653 1604 749 1678 plebis

294 1691 554 1768 tribunorumque.-
572 1691 632 1748 cod.
650 1689 749 1762 Rieu.)

294 1786 356 1834 ante
373 1781 538 1836 mentionem
556 1777 638 1835 ullam
660 1777 748 1856 plebia

240 1893 244 1905 ·
294 1865 498 1922 tribunorumve
538 1863 581 1936 (P
620 1864 693 1934 Harl.
729 1885 747 1923 1.

295 1949 372 2010 Leid.
384 1971 401 2011 1.
408 1955 428 2022 ).
447 1983 481 1995 -
499 1951 540 2010 M:
558 1951 646 2030 plebis
663 1953 748 2012 tribn-

294 2047 441 2116 nomqoae.
466 2069 500 2081 —
523 2039 672 2097 Particulee
690 2057 749 2118 que

295 2135 324 2180 et
342 2147 379 2182 ue
397 2129 425 2182 iu
443 2125 523 2186 codd.
540 2147 622 2186 menn
638 2130 748 2206 scriptio

293 2216 749 2292 saepepermutntnsesse‚cumaliie

241 2337 251 2356 .
293 2297 363 2355 locis
380 2309 438 2356 tum
457 2305 488 2368 1,
507 2303 550 2376 32.
569 2302 661 2359 ridere
678 2301 750 2362 licet.

293 2383 346 2441 laoc
364 2406 428 2442 vero
452 2386 512 2444 loco
536 2407 593 2465 que
615 2391 750 2466 potiorem

294 2491 368 2542 esse,
391 2493 452 2530 cum
469 2473 520 2530 hac
537 2477 597 2551 ipsa
619 2476 750 2554 particula

232 2555 237 2576 '
296 2559 365 2618 duee
383 2580 464 2628 voces
482 2563 520 2616 ita
538 2567 662 2620 connecti
680 2564 750 2622 eole-

295 2657 368 2716 rent‚
395 2647 473 2706 ut'id
489 2649 563 2726 quod
581 2653 621 2708 eis
644 2651 748 2710 duabus
784 2677 788 2688 ·

295 2733 504 2821 significabatur,
523 2741 600 2814 quesl
615 2759 697 2797 unum
708 2744 749 2798 ri·

294 2821 405 2879 deretur
421 2821 521 2880 sactum
539 2845 608 2894 esse,
634 2847 690 2884 non
707 2836 749 2885 est

294 2907 407 2966 difficile
423 2909 570 2972 intellectu.
671 2939 675 2952 ¹

250 2995 277 3054 d.
288 2995 417 3066 fueretur
443 3019 478 3054 eo
505 3019 627 3072 munere
653 3007 748 3056 earet:

297 3082 512 3144 paq-mm.
531 3080 747 3144 §.r-flmdst

295 3181 392 3230 esseut.
410 3171 433 3227 P
449 3191 485 3230 ιιι.
504 3173 543 3230 1.:
560 3169 676 3232 tuncne.

251 3259 278 3316 5.
297 3258 375 3315 nihil
396 3267 545 3336 acceptum
567 3277 707 3337 unrqnom
727 3277 749 3314 n

291 3347 377 3421 plebe
388 3356 471 3404 tanto
478 3345 593 3426 gaudio
603 3347 749 3404 trudetur:

294 3430 326 3490 P.
352 3465 386 3475 -
414 3432 455 3490 dl:
482 3453 607 3510 umquem
631 3455 647 3488 a
670 3432 750 3510 plebe

296 3519 379 3575 tando
391 3519 498 3594 gaudio.
515 3541 551 3580 m.
562 3525 602 3581 3.=
618 3521 654 3578 ad
662 3521 750 3593 plebe.

297 3631 331 3643 -
348 3602 433 3660 Paulo
449 3617 514 3684 poet
531 3611 559 3665 ln
572 3608 613 3665 ll:
627 3611 750 3686 pn†sa·

294 3697 373 3765 eosq.
391 3691 489 3748 mediis
506 3693 604 3751 litteris
622 3697 715 3753 erasis.

252 3777 279 3833 9.
297 3795 362 3832 cum
373 3779 568 3838 commenditus
580 3784 705 3840 iuuaret.
714 3811 749 3822 -

297 3861 334 3919 P:
350 3875 473 3942 parceret
484 3867 632 3924 comeditur
643 3871 743 3924 inuare:

298 3971 356 4008 rem
368 3950 525 4010 familiarem
533 3952 628 4012 saltem
640 3955 750 4032 adquie-

297 4057 374 4094 rcere
390 4060 423 4095 ee
440 4051 570 4118 tempore.
598 4041 640 4100 ll:
658 4061 750 4119 parce·

298 4131 339 4178 ret
354 4127 359 4194 Ι
375 4128 523 4186 οῐιιιιοιὶἰιιι
548 4130 630 4202 (dein
656 4127 749 4186 eadem

882 1449 917 1486 m.
936 1429 961 1486 1.
980 1431 1039 1496 „cir
1052 1425 1348 1495 comodites‘qiuua·

882 1517 959 1574 rebat
981 1533 1038 1571 rem
1061 1512 1213 1570 familiarem
1235 1511 1348 1568 saltem

879 1603 1054 1682 adquiescere
1081 1621 1113 1658 eo
1141 1612 1272 1676 tempore.
1305 1631 1346 1642 -

867 1691 915 1750 .ln
932 1689 1014 1750 verbo
1037 1691 1194 1748 iuuaredot
1214 1687 1282 1746 dues
1303 1688 1345 1744 le·

885 1781 988 1836 ctionee
1013 1785 1040 1832 et
1061 1778 1179 1834 iuuaret
1201 1785 1228 1832 et
1254 1777 1343 1832 iuuer-

882 1867 934 1923 bot
951 1883 1087 1922 connexos
1105 1883 1165 1920 esee
1185 1884 1265 1920 nemo
1283 1884 1343 1920 non

882 1953 964 2012 videt.
983 1951 1164 2030 quaerendum
1188 1941 1275 2026 igitur*
1291 1962 1343 2018 est,

879 2061 944 2096 unm
956 2061 1021 2096 cum
1033 2041 1165 2107 iuuabat,
1184 2049 1215 2094 nt
1228 2039 1341 2116 quidam

880 2119 1040 2204 interpreter
1057 2125 1216 2193 voluerunt,
1234 2128 1340 2203 preele

856 2275 864 2287 ἱ
882 2213 994 2270 rendum
1010 2214 1048 2268 sit
1064 2211 1142 2268 elteri
1159 2211 1285 2272 lectioni.
1323 2219 1341 2272 ei

880 2299 992 2358 alterum
1009 2297 1147 2376 quoddam
1168 2301 1285 2358 verbum
1309 2303 1342 2358 ad

879 2383 1039 2464 perticulam
1047 2395 1206 2462 sequentem
1218 2397 1280 2444 tum
1292 2389 1340 2445 ad-

813 2532 816 2554 ,
882 2476 969 2532 ditum
987 2495 1042 2532 nou
1065 2483 1151 2543 erret,
1173 2485 1202 2532 et
1223 2477 1343 2534 iuuaret

884 2566 966 2620 etlam
983 2563 1019 2624 ad
1033 2572 1097 2620 torre.
1105 2565 1261 2642 pertineret,
1277 2565 1344 2618 sine

882 2650 1110 2708 nlladubitatione
1119 2651 1262 2716 scriberem
1271 2671 1343 2710 cum

882 2741 1021 2798 iuuabat.-
1048 2738 1098 2796 sed
1124 2737 1274 2814 efficiebat
1307 2738 1344 2821 ed

882 2835 945 2882 tum
963 2826 1133 2884 referendum
1150 2825 1280 2882 emereri
1301 2827 1339 2880 si·

883 2911 1024 2969 millimnm
1046 2913 1161 2971 videtur.
1191 2911 1222 2970 id
1247 2910 1338 2990 ipsum

882 3000 972 3066 etiam,
999 2999 1073 3075 quod
1097 2998 1251 3074 efficiebat
1276 3019 1341 3076 pro·

880 3093 942 3160 pter
965 3087 1125 3140 senteutiam
1151 3086 1341 3162 interpositam

805 3237 808 3244 1
879 3169 962 3248 paulo
979 3175 1110 3230 remotius
1129 3172 1162 3228 ab
1182 3181 1246 3228 tum
1263 3175 1340 3230 ride·

882 3257 970 3326 betur,
997 3257 1059 3314 illos
1077 3261 1107 3316 in
1124 3279 1243 3316 errorem
1260 3261 1339 3317 indu·

849 3371 854 3381 ·
882 3346 961 3403 xerit.
1003 3343 1036 3404 ln
1063 3349 1187 3426 sequenti
1217 3351 1340 3404 oratione
1377 3357 1378 3414 t

870 3432 905 3491 xl.
932 3431 978 3493 Fr.
1002 3431 1158 3492 Gronovius
1183 3435 1231 3490 rer'
1254 3433 1339 3490 deleri
1377 3419 1378 3470 l

883 3519 983 3590 voluit,
1005 3529 1086 3598 atque
1107 3522 1145 3578 ita
1167 3524 1247 3578 etiam
1269 3526 1300 3578 iu
1318 3522 1339 3578 P

881 3609 1012 3686 scriptum
1035 3620 1078 3666 eet
1100 3608 1338 3678 „emulationum-

884 3714 938 3770 que
956 3697 1059 3764 (mle
1076 3698 1216 3774 tioremq.)
1227 3699 1338 3771 gratiam

882 3788 920 3840 ti.
941 3781 979 3860 pl.
1002 3785 1146 3840 semanim
1164 3794 1215 3844 eet.
1243 3804 1337 3842 rernm

883 3889 945 3926 eum
962 3867 1030 3926 illud
1041 3891 1139 3928 nomen
1154 3873 1185 3930 in
1195 3871 1222 3928 dl
1233 3869 1336 3934 Harlr

881 3954 994 4014 Leidr.
1017 3955 1051 4016 al.
1078 3969 1265 4018 conservatum
1287 3981 1337 4017 nec

880 4062 933 4118 per
940 4063 970 4100 se
979 4045 1112 4121 ingratum
1124 4056 1204 4114 cenet,
1221 4047 1289 4106 nihil
1298 4051 1336 4104 ri·

882 4129 995 4190 debatur
1003 4133 1167 4194 mutandum.
1177 4133 1242 4202 „Da
1250 4135 1335 4192 when

1176 4443 1192 4490 0
