2856 4726
212 260 278 330 242
675 263 783 324 trust
800 261 846 323 nr

214 435 355 504 edoceri·
361 432 476 502 sissent
503 451 584 520 quse
612 427 698 494 fraus
727 428 767 494 ab
793 423 925 494 tribunis
951 421 1105 492 occulta
1097 440 1129 486 m
1155 421 1227 511 lege
1252 423 1314 488 ler-
1409 415 1410 500 i

131 518 142 552 ⁸
214 552 308 624 retur,
329 559 504 606 memorem
525 557 561 601 se
583 531 739 600 maiorum
759 555 899 614 suorum,
920 549 1096 596 memorem
1110 526 1318 616 cognominis
1409 559 1410 564 .

216 645 302 736 quod
324 641 433 734 popuii
452 637 581 719 colendi
601 637 689 706 velut
710 635 894 704 hereditario
917 658 991 702 cura
1014 632 1073 699 sibi
1095 655 1113 696 a
1135 629 1316 696 nlaioribus

216 748 326 816 tradite
349 757 447 830 esset,
482 742 650 812 concilium
672 740 774 830 plebis
795 763 861 807 non
887 737 1108 831 inpeditumm.
1146 735 1234 801 hunc
1256 736 1313 800 du·

100 902 104 920 .
187 873 288 925 ecem
310 852 411 920 secuti
432 848 627 940 nequiquam
649 844 892 912 reclamantibus
913 842 1074 912 tribunis
1064 865 1098 906 ιιι
1120 840 1239 908 climnn
1255 839 1313 906 Ge

217 958 383 1050 pitolinum
418 954 546 1074 erigunt
580 950 690 1020 eciem.
730 948 905 1040 adiungitur
938 959 971 1016 et
999 943 1181 1013 'lirscrrlens
1213 943 1313 1034 legio.

218 1073 338 1129 certare
359 1059 438 1156 socii
460 1059 609 1146 civesque
630 1056 691 1122 utri
712 1064 917 1144 recuperatae
939 1052 1018 1119 ercis
1041 1074 1135 1117 enum
1149 1049 1249 1116 decus
1270 1048 1315 1114 fa-

219 1175 337 1232 cerent.
373 1143 438 1230 3ιιιι
459 1171 594 1280 uterque
616 1183 692 1228 suos
712 1159 906 1226 adhortatum
934 1155 1090 1246 trepidare
1111 1166 1181 1222 tum
1204 1153 1315 1222 hostes

219 1291 279 1336 nec
307 1267 365 1334 ulli
392 1267 467 1335 setis
497 1266 543 1332 rei
570 1275 697 1354 praeter
714 1263 915 1384 queruloso
942 1261 1050 1328 fidere.
1086 1259 1317 1350 trepidantibus

173 1361 409 1444 toiniemnt
385 1394 472 1462 signa
494 1369 630 1436 Romani
656 1368 807 1458 sociique.
845 1369 908 1434 iam
934 1367 967 1433 in
993 1363 1189 1433 vestibulum
1208 1387 1318 1454 penu-

220 1485 331 1566 perent
352 1475 473 1566 templi,
495 1471 620 1542 cumP.
636 1471 782 1541 Valerius
804 1474 886 1540 inter
905 1471 1060 1562 primores
1075 1493 1214 1590 pugnam
1230 1470 1320 1535 ciens

219 1580 410 1648 interficitur.
439 1579 475 1648 P
492 1577 684 1648 Volumnius
706 1565 878 1646 consuleris
900 1577 977 1647 vidit
998 1575 1207 1644 cadentem?
1197 1597 1225 1642 rs
1242 1574 1318 1641 doto

283 1757 353 1814 coni.
371 1757 427 1828 m.]
450 1756 475 1811 si
500 1753 607 1812 edoceri
631 1774 662 1810 ee
685 1757 735 1810 sis-

282 1850 343 1897 sent
358 1845 410 1912 (ex
428 1841 497 1899 coni.
516 1840 629 1912 libem).
642 1871 675 1884 -
688 1841 736 1897 ΡΜ

285 1937 313 1982 et
329 1926 387 1984 reli.
410 1925 505 1984 cedda
534 1929 564 1983 si
586 1947 619 1983 se
636 1928 740 1984 doceri

287 2017 458 2073 sensissent.
494 2012 565 2070 Cum
589 2011 621 2072 Ia.
644 2013 737 2070 simili·

286 2101 337 2158 bus
348 2099 417 2158 locis
428 2099 511 2159 verbo
524 2101 670 2163 edocendi
677 2121 737 2178 per·

285 2207 369 2266 saepe
378 2190 486 2246 usussit
496 2187 547 2258 (cf.
559 2191 590 2253 3,
600 2190 658 2246 to:
676 2207 737 2246 cum

187 2311 193 2330 ι
286 2275 473 2332 edocuissent
499 2273 646 2353 populum,
672 2273 738 2352 quid

288 2361 390 2418 fraudis
400 2359 519 2417 occultae
529 2359 681 2432 ferretum),
689 2383 738 2417 nec

287 2451 377 2506 ruinus
392 2468 475 2527 saepe
497 2449 551 2506 duo
569 2449 652 2507 verbe
673 2471 739 2527 quo·
767 2471 771 2482 ·

287 2555 347 2594 ram
364 2539 440 2614 prins
456 2535 548 2594 eadem
559 2535 646 2594 vocali
663 2538 739 2594 finie-

287 2625 434 2701 baturque
453 2623 564 2682 alterurn
588 2627 741 2706 incipiebat,

288 2731 304 2766 a
321 2710 439 2768 librariis
457 2716 485 2768 in
503 2731 586 2769 unum
600 2715 741 2770 coniuncta

289 2800 353 2868 sint,
371 2801 508 2858 sedaeeri
517 2820 568 2879 pro
579 2821 613 2858 se
625 2801 744 2858 edoceri

284 2888 420 2962 scriptum
443 2905 504 2944 esse
521 2886 599 2944 iacrie
622 2888 742 2945 credide·

293 2973 353 3029 rim.
375 2972 448 3047 quod
467 2973 564 3030 deinde
582 2974 617 3028 ad
634 2978 742 3032 sensis·

292 3065 359 3112 seut
388 3060 498 3126 attinet,
529 3061 617 3135 primo
648 3061 744 3117 doctus

293 3143 401 3221 quidem
422 3141 561 3214 librariae,
591 3165 651 3202 curn
678 3148 745 3204 duas

239 3237 241 3246 ’
294 3231 413 3288 eiusdem
429 3233 505 3289 vocis
528 3231 627 3290 formes
644 3238 744 3313 reperi·

294 3329 336 3377 ret
358 3329 386 3376 et
409 3321 552 3377 siuissent
574 3329 601 3376 et
627 3324 745 3390 sissent,

296 3410 458 3466 coniunctim
476 3405 583 3465 videtur
604 3411 746 3486 scripsisse

297 3499 456 3554 siasissent
473 3499 483 3565 (
491 3495 524 3555 ci.
537 3497 562 3564 4,
575 3498 618 3555 60.
637 3497 665 3551 in
677 3495 746 3555 med.

299 3583 467 3639 iuuarebat:
491 3583 557 3654 el.):
587 3581 661 3660 quod
687 3601 748 3641 cum

298 3685 353 3720 non
376 3673 585 3746 perspiceretur,
607 3673 665 3728 eius
686 3671 746 3729 loco

296 3755 460 3812 sensissent
475 3760 604 3834 scriptum
616 3769 665 3817 est.
686 3779 766 3816 nem.

297 3858 352 3894 non
370 3839 450 3896 modo
469 3845 529 3899 siur'
538 3846 586 3902 sed
598 3849 679 3903 etiem
690 3849 752 3922 siai

187 4001 193 4008 ἱ
300 3925 333 3984 ab
346 3927 462 4003 antiquis
475 3927 575 3989 dictam
587 3953 654 4004 esse,
671 3918 749 3990 matti
820 3936 862 3991 to.
876 3937 1087 4006 perruperant:
1116 3929 1145 3991 P.
1175 3951 1329 4010 perrumpe·

298 4015 471 4092 integriorem
484 4017 563 4078 codd.
574 4018 627 4078 ioci
639 4041 748 4102 persua·

299 4099 363 4174 dire
397 4103 522 4166 videntur
556 4107 606 4176 (ci.
641 4105 748 4168 Terent.

868 1753 954 1813 Andr.
979 1757 1009 1822 1,
1032 1755 1058 1810 2.
1082 1753 1124 1810 17.
1152 1771 1195 1828 sp,
1212 1749 1322 1835 Liqiam

869 1843 914 1900 36.
931 1843 958 1901 6.
975 1843 1005 1896 in
1021 1839 1115 1898 Bamb.
1138 1858 1193 1895 non
1211 1840 1322 1894 sissent

868 1928 917 1985 sed
935 1930 965 1985 si
974 1929 1092 1984 restitui
1102 1926 1223 1992 ordines
1235 1925 1322 1981 siris·

825 2026 834 2094 J
870 2023 937 2072 sent
959 2016 1088 2093 scriptum
1113 2022 1166 2069 eet:
1189 2009 1250 2082 ei).
1281 2012 1322 2066 ni-

871 2102 928 2158 tito
943 2104 1032 2158 minas
1060 2109 1164 2168 temen,
1195 2119 1255 2155 cum
1285 2100 1327 2166 irs

870 2191 949 2248 ctiam
968 2191 1046 2248 sisse
1063 2187 1137 2265 quod
1147 2188 1183 2244 in
1203 2189 1323 2264 antiquis

870 2275 948 2334 libris
964 2276 1059 2346 fueret,
1077 2275 1110 2332 eb
1129 2275 1325 2332 recentioribus

870 2349 987 2442 libqariis
1000 2362 1133 2420 interdum
1142 2382 1202 2419 cum
1214 2363 1326 2419 siuisse
1411 2407 1412 2412 ,

871 2461 1049 2528 permutatum
1069 2459 1140 2506 esset
1162 2447 1212 2518 (ci.
1230 2451 1281 2517 27,
1299 2451 1325 2506 6.
1411 2487 1412 2496 .

873 2540 951 2596 ubi
943 2561 971 2598 ιιι
993 2539 1053 2596 Put.
1075 2540 1194 2604 sissent,
1218 2546 1246 2592 et
1271 2537 1326 2592 ium

874 2629 902 2683 in
914 2626 993 2688 Colb.
1003 2627 1146 2684 siuissent
1161 2626 1227 2693 est),
1244 2643 1326 2701 supra

874 2725 901 2770 et
918 2717 976 2792 ipse
988 2715 1099 2770 sissent
1109 2713 1216 2790 scripsi,
1234 2731 1328 2787 ᾳιιιιιιι

873 2805 915 2860 vis
933 2805 961 2858 in
979 2797 1139 2878 quibusdam
1157 2808 1186 2854 et
1197 2797 1280 2857 Dreir.
1299 2799 1328 2853 et

874 2889 964 2946 Oxou.
981 2887 1058 2952 libris
1074 2889 1237 2964 reperiretur
1248 2887 1277 2942 si
1294 2907 1329 2944 se

874 2975 977 3031 daeeri
991 2975 1142 3036 siuissent.
1153 3005 1187 3016 -
1206 2975 1275 3032 Pm.
1289 2979 1328 3032 1.:

875 3062 1018 3119 terreatur.

832 3151 859 3208 3.
878 3150 977 3225 quari.-
995 3147 1044 3205 ΡΜ
1061 3148 1158 3210 etreii.
1171 3147 1248 3207 codd.
1259 3149 1328 3207 -Ι,

877 3234 922 3296 Fr.
929 3235 1025 3295 Gron..
1037 3257 1104 3313 quo.
1114 3238 1179 3306 citi,
1185 3239 1242 3296 34:
1251 3257 1329 3314 quae.

834 3324 860 3382 6.
877 3326 1072 3401 nequiquam.
1084 3325 1130 3397 tl]
1143 3328 1330 3414 nequicquam.

879 3441 912 3452 -
932 3409 994 3468 P:
985 3433 1014 3468 ιιι
1032 3411 1149 3470 ciiuiom.

834 3499 861 3555 7.
880 3501 941 3554 utri
950 3509 1139 3586 recuperatae
1150 3499 1230 3552 ereis
1242 3517 1331 3553 suum

879 3586 971 3644 decus
981 3577 1134 3657 facerentr
1154 3579 1204 3638 ΡΜ
1219 3580 1295 3642 Harl.
1313 3605 1349 3643 ι.ι

879 3672 955 3732 Leid.
973 3691 1034 3730 r.-
1047 3670 1115 3726 Alii:
1135 3677 1166 3724 ut
1183 3686 1275 3748 recup.
1295 3703 1333 3738 -,
1390 3661 1398 3676 ”

881 3761 903 3817 Ρ
928 3779 962 3814 m.
992 3759 1030 3822 ¹3²
1057 3755 1190 3815 adoretur.
1226 3777 1262 3816 m.
1289 3761 1330 3816 2:

881 3846 1025 3902 adunatur.

881 4026 953 4074 rent:
972 4017 1007 4077 Μ.
1037 4051 1070 4062 -
1101 4018 1123 4076 Ρ
1147 4041 1181 4079 m.
1206 4025 1244 4084 t.:
1265 4023 1329 4104 sius.

880 4125 915 4166 m.
934 4107 972 4166 2:
992 4108 1057 4166 suis.
