2838 4822
424 311 427 334 '
549 343 789 418 ruunt·
955 349 991 424 ῃ
1135 327 1178 397 47

11 535 12 538 ¹
50 523 142 572 ‘nes
172 527 284 574 eorum
312 507 486 576 ernittehnt.
513 507 576 576 hoc
602 519 680 577 tum.
699 492 798 591 modo
825 505 866 574 ab
888 487 1179 598 [affirmatius

74 633 133 680 res
158 633 197 680 ac
219 610 339 678 bellum
360 611 521 698 indictum,
543 623 731 704 moremque
751 633 827 680 enm
846 610 965 702 posteri
977 620 1178 702 acceperunt.

89 745 92 754 ·
170 713 317 785 XXXIII.
351 715 460 786 Aucus
487 717 674 786 demandata
709 737 790 784 cura
811 711 974 784 sacrormn
992 715 1179 783 llaminibm
1256 760 1259 769 ·

12 875 13 878 ,
72 819 365 910 sacerdotibusque
387 820 455 888 aliis
475 823 619 892 exercitu
638 841 724 890 novo
746 821 926 912 emiseripto
944 820 1106 911 proluens
1119 819 1178 889 Po

72 923 221 992 litorium
249 925 363 992 urbem
383 921 568 993 Latinorrun
594 925 626 994 vi
648 925 748 1016 cepit,
769 933 962 1018 secutusque
982 947 1106 992 morem
1131 934 1209 990 ret

72 1053 158 1119 gurn
178 1029 331 1120 priorum,
352 1032 497 1122 quirem
517 1029 695 1098 Romanam
716 1040 870 1098 auxerunt
888 1029 1033 1098 hostibus
1053 1029 1086 1096 iu
1107 1026 1179 1095 civi·

73 1145 182 1201 tatem
204 1135 403 1225 accipiendis,
425 1134 661 1204 multitudinem
681 1159 812 1204 ornnem
824 1135 962 1202 Romam
982 1131 1130 1202 traduxit.
1146 1142 1181 1202 et
1208 1152 1211 1158 '

73 1259 155 1304 cum
178 1237 261 1306 circa
275 1239 442 1324 Palatium,
457 1241 575 1308 ¹sedem
590 1249 737 1307 veterum
751 1241 976 1322 Romanunm,
998 1236 1108 1306 Sabini
1121 1235 1179 1302 Ca-

72 1342 228 1434 pitolium
250 1354 346 1438 atque
368 1367 490 1428 arcem,
513 1343 658 1412 Caelium
684 1356 829 1412 montem
856 1343 971 1412 Albani
996 1343 1181 1434 inplessem,
1308 1401 1314 1426 ,

75 1447 274 1516 Aventinum
294 1471 400 1518 novae
421 1437 614 1518 multitudini
636 1445 755 1518 datum.
782 1447 880 1516 additi
901 1445 1018 1516 eodem
1037 1447 1117 1513 haut
1133 1445 1228 1513 italo

74 1551 184 1619 multo
204 1564 279 1642 post
293 1552 437 1622 Tellenis
452 1553 634 1643 Ficanaque
656 1552 757 1644 captis
778 1554 854 1622 novi
874 1553 970 1620 cives.
992 1549 1179 1619 Politorium

76 1655 154 1723 inde
176 1677 285 1723 rursus
306 1657 394 1724 bello
410 1650 590 1746 repetitum,
612 1657 700 1745 quod
721 1679 859 1723 vacuum
874 1653 1108 1744 occupaverant
1115 1654 1179 1720 Pri-⁴

76 1759 125 1824 sci
146 1757 268 1825 Latinis
287 1753 389 1850 eaque
411 1783 507 1826 causa
530 1759 701 1826 diruendae
722 1758 810 1824 urbis
837 1759 905 1825 eius
933 1758 994 1826 luit
1020 1757 1180 1838 Romanis,

77 1883 122 1929 ne
143 1863 284 1930 Irostinm
305 1855 433 1955 sempor
451 1863 799 1952 receptaculumessot.
813 1873 977 1952 postremo
992 1861 1079 1928 omni
1093 1860 1180 1926 ballo

77 1965 194 2034 Latino
210 1965 395 2034 Medulliam
417 1965 575 2056 conpulso
595 1965 790 2056 aliquamdiu
809 1966 855 2034 ibi
870 1967 973 2034 Marte
991 1965 1114 2036 incerto
1124 1987 1180 2031 rr-
1193 1978 1227 2033 ro
1291 1990 1295 2001 ·

77 2072 123 2140 ria
142 2070 282 2138 *victoria
308 2082 484 2162 pugnatum
512 2081 571 2154 est,
596 2090 672 2137 nam
700 2080 734 2137 et
759 2069 836 2137 urbs
862 2081 931 2140 tuta
952 2069 1180 2152 munitionibus

78 2175 301 2268 praesidioque
324 2175 446 2244 firmata
468 2174 574 2242 valido
596 2185 674 2258 erat,
696 2185 730 2242 et
750 2175 859 2243 castris
880 2174 914 2242 in
936 2186 1046 2266 aperto
1068 2173 1181 2264 positis
1217 2171 1219 2178 ’

79 2281 268 2372 aliquotiens
291 2280 448 2348 exercitus
469 2278 599 2348 Latinus
621 2277 801 2346 comminus
823 2303 897 2346 cum
918 2278 1070 2348 Romanis
1090 2280 1180 2369 signa

80 2385 266 2452 contrderat.
289 2385 329 2450 ad
351 2385 499 2452 ultimum
521 2373 798 2473 omnibmi'*'”c“opiis
824 2384 953 2451 conisus
979 2381 1088 2452 Ancus
1111 2384 1178 2450 acie

79 2489 218 2580 primum
244 2488 355 2572 vincit,
381 2488 455 2556 inde
480 2488 600 2578 ingenti
629 2489 747 2580 praeda
772 2497 887 2580 potens
921 2487 1058 2584 Iiomam
1089 2489 1228 2572 reditio

77 2603 150 2680 stum
172 2614 303 2682 quoque
324 2591 432 2660 multis
453 2591 580 2660 milibus
602 2591 787 2660 Latinorum
810 2594 843 2660 in
857 2592 1015 2662 civitatem
1030 2593 1178 2682 acceptis,
1282 2580 1287 2589 ¹

82 2695 206 2787 quibus,
228 2707 267 2762 nt
286 2696 468 2788 iungeretur
488 2695 610 2762 Palatio
632 2695 838 2783 Aventinum,
860 2697 900 2763 ad
922 2696 1064 2766 Murciae
1087 2699 1179 2764 datae

82 2800 183 2868 sedes.
211 2797 387 2868 Ianiculum
413 2820 544 2891 quoque
573 2799 732 2867 adiectum
758 2823 825 2866 non
845 2799 952 2889 inopia
973 2800 1037 2868 Ioci
1058 2802 1115 2868 sed
1137 2823 1180 2868 no

84 2903 210 2998 quando
232 2928 270 2972 ea
293 2928 351 2972 arx
371 2904 513 2976 hostiurn
535 2917 630 2973 esset
652 2903 685 2972 id
700 2927 765 2971 non
780 2927 874 2972 muro
888 2902 995 2972 solum
1010 2905 1068 2973 sed
1083 2905 1179 2974 etiam

85 3010 126 3076 ob
147 3009 407 3078 commoditatem
428 3009 547 3078 itineris
568 3020 667 3100 ponte
688 3007 823 3076 sublicio
844 2997 913 3076 tum
927 3006 1066 3099 primum
1079 3011 1113 3085 in
1126 3010 1177 3078 Ti·
1189 3019 1225 3074 25

84 3113 183 3180 barim
202 3114 287 3181 facto
310 3114 458 3204 coniungi
478 3113 550 3182 nrlri
571 3113 697 3204 placuit
727 3110 897 3198 Quiritium
924 3138 1055 3206 quoque
1083 3116 1178 3199 lossa,
1280 3185 1282 3190 ,

85 3217 158 3284 haut
184 3241 318 3308 parvum
345 3218 579 3285 munimentum
607 3243 625 3284 a
653 3217 848 3308 planioribus
876 3218 962 3284 aditu
983 3218 1077 3304 locis,
1097 3217 1179 3286 Anci

86 3320 164 3408 regis
185 3343 266 3409 opus
288 3333 348 3388 est.
370 3321 488 3412 ingenti
509 3311 705 3389 incremento
727 3319 823 3390 relius
839 3312 938 3389 auctis
953 3329 1028 3386 crim
1040 3321 1074 3386 in
1090 3331 1177 3388 tanta

86 3422 282 3490 multitudine
308 3425 475 3494 hominum
504 3425 683 3496 discrimine
710 3437 798 3510 recte
832 3449 874 3490 an
908 3445 1077 3516 perperam
1103 3424 1178 3493 facti

102 3584 127 3640 8.
148 3579 249 3637 sedem
282 3589 414 3636 veterum
448 3581 594 3640 Romano·
666 3577 709 3640 IS.
726 3581 905 3637 comminus.-
922 3579 994 3654 ΡΜ]
1012 3583 1143 3641 comInus.

143 3685 225 3727 rum:
241 3663 269 3723 Μ
280 3665 353 3724 Harl
366 3685 384 3727 r.
397 3675 424 3722 et
436 3665 459 3723 Ρ
471 3669 500 3723 in
512 3689 594 3745 marg.
666 3669 709 3726 19.
727 3666 861 3724 conisus:
870 3665 917 3723 ΡΜ
924 3665 996 3726 Iler-l.
1002 3671 1032 3742 1.]
1042 3672 1178 3731 connisus.

16 3755 22 3768 '
96 3771 113 3838 ’ἢ
142 3783 177 3797 -
193 3751 230 3810 Ρε
254 3753 347 3811 sedem
370 3763 490 3812 ueterem
508 3775 594 3812 roma·
664 3757 708 3813 20.
723 3763 844 3831 potens:
863 3751 911 3811 PII
926 3754 1000 3816 Ilad.
1018 3775 1035 3816 r.
1054 3787 1091 3802 -
1108 3755 1177 3814 Iuld
1261 3813 1278 3830 ,Χ

85 3859 89 3876 ·
144 3859 246 3900 noram.
459 3839 462 3846 ’
725 3843 800 3900 ml.
818 3840 868 3897 sed
885 3845 993 3920 antiqua
1010 3863 1092 3921 supra
1110 3847 1175 3900 seri·

105 3926 130 4010 9.
146 3925 292 3984 Coelium.-
309 3927 351 4002 Ρ]
365 3919 594 3989 Coelium-Il:
725 3937 801 4007 ptum
819 3939 875 3986 est:
893 3929 936 3986 uel
950 3931 1072 4005 potitus.
1112 3955 1114 3958 ·

146 4014 258 4071 aelium.
371 4061 377 4074 .
664 4016 708 4074 26.
726 4017 758 4071 in
778 4017 917 4073 Tiberim:
943 4015 993 4088 tl]
1021 4017 1049 4072 in
1073 4015 1188 4095 Tiberi„

92 4103 130 4159 1⁰.
146 4099 262 4158 eodem:
279 4099 337 4159 ΡΜ.
727 4101 778 4174 (cI.
796 4105 840 4171 to,
857 4105 919 4174 51.)

93 4190 131 4246 18.
146 4185 338 4262 aliquotiens:
356 4185 406 4245 PII
417 4191 429 4261 ]
442 4187 593 4268 aliquoties.
644 4189 707 4246 ‘nt
724 4189 825 4247 aditu:
843 4187 902 4249 ΡΜ.
