2832 4720
516 385 521 406 r
556 347 664 406 Llltllll
682 347 726 407 nt
1118 333 1189 403 271

59 515 117 580 ,in
142 513 283 580 medium
312 509 389 602 quid
411 511 443 578 in
472 497 662 600 quoquere
690 509 762 600 plus
791 508 935 577 minusve
957 521 1042 579 esset
1069 511 1190 599 conier-

80 630 168 686 rent
206 640 260 686 eas
281 617 369 707 leges
390 613 572 682 habiturum
599 614 757 706 populum
777 615 974 698 Romanurn,
1008 640 1087 708 quas
1115 641 1189 684 eou-

79 747 200 792 sensus
222 722 366 791 omnium
387 742 453 786 non
473 715 602 786 iussisse
624 719 704 786 latas
719 717 819 810 magis
842 741 940 811 quam
957 719 1067 788 tulisse
1088 721 1188 790 videri

77 839 205 920 posset.
249 851 325 894 cum
347 823 387 892 ad
415 847 559 892 rumores
585 823 753 891 hominum
783 825 824 893 de
856 843 1053 916 unoquoque
1080 825 1187 916 legum

77 933 189 1026 capite
213 931 298 1000 edito
327 930 404 998 satis
432 939 594 1030 correctae
621 921 816 1015 viderentur,
849 930 1030 998 centuriatis
1052 930 1217 1004 comitiis5

77 1039 199 1106 decern
219 1035 399 1103 tabularum
420 1033 507 1124 leges
529 1035 669 1125 perlatae
692 1047 775 1118 sunt,
798 1059 881 1127 quae
902 1059 987 1102 nunc
1002 1059 1133 1126 quoque
1156 1034 1188 1100 in

77 1143 148 1209 hoc
170 1143 318 1209 inmenso
341 1138 473 1206 aliarum
495 1161 591 1230 super
608 1139 685 1207 alias
701 1149 919 1209 acervatarum
934 1139 1043 1232 legum
1057 1139 1187 1206 cumulo

77 1247 157 1315 lons
179 1245 282 1315 omnis
305 1244 422 1337 publici
443 1243 627 1340 privatique*
644 1255 693 1313 est
714 1245 799 1313 iuris.
835 1244 981 1338 vulgatur
1003 1245 1116 1312 deinde
1138 1269 1187 1312 ne

77 1375 157 1420 mor
179 1353 258 1419 duas
281 1352 393 1428 deesse
410 1349 545 1436 tabulas,
566 1350 682 1442 quibus
697 1349 826 1417 adiectis
843 1349 966 1444 abeolvi
986 1369 1083 1442 posse
1099 1351 1189 1419 velut

80 1446 202 1547 corp'us
226 1456 329 1524 omnis
350 1455 487 1524 Romani
509 1453 593 1522 iuris.
631 1479 670 1522 ea
693 1455 872 1544 expectatio
895 1477 970 1522 curn
998 1455 1064 1522 dies
1092 1455 1236 1525 comi-10

71 1561 202 1628 'tiorum
220 1560 497 1654 adpropinquaret,
514 1559 705 1626 desiderium
720 1557 919 1624 decemviros
930 1558 1046 1625 iterum
1061 1555 1189 1626 erean'di

25 1697 28 1702 ·
78 1664 168 1732 lecit.
205 1664 383 1755 iamrplebs
405 1674 630 1754 praeterquam
653 1663 741 1754 quod
768 1661 936 1729 consulum
961 1686 1080 1742 nornen
1101 1663 1187 1729 haud
1244 1745 1247 1761 Ι

53 1849 57 1858 1
79 1793 176 1836 secus
199 1793 298 1860 quam
318 1791 430 1858 regum
451 1789 566 1858 perosa
589 1775 665 1852 erat,
691 1789 734 1834 ne
758 1765 961 1833 tribunicium
983 1767 1114 1858 quidem
1136 1791 1187 1834 au

100 1938 127 1997 2.
149 1931 602 2014 puaeconeenaueomniu'mnon

147 2023 274 2080 iussisse
291 2023 371 2079 lotoe
389 2023 488 2102 magio
512 2041 602 2098 quam

145 2111 252 2166 tulisse
275 2101 375 2166 uideri
384 2103 508 2188 posset:
526 2105 548 2172 P
565 2127 601 2166 m.

147 2200 173 2256 2.
186 2230 220 2238 -
238 2193 261 2252 Ρ
278 2191 314 2254 ui.
335 2189 373 2254 l.:
392 2198 470 2254 letae
489 2215 538 2270 pro
557 2195 601 2252 la·

145 2293 194 2340 tor
218 2289 245 2338 et
271 2283 391 2340 tolieret
412 2301 463 2362 pro
486 2283 601 2343 toliere.

146 2368 177 2424 ln
194 2365 222 2424 ll
240 2367 308 2426 duae
331 2369 461 2426 lectiones
481 2371 519 2425 ita
538 2391 600 2426 con·

146 2459 254 2512 iunctae
271 2465 349 2512 euntt
368 2477 435 2533 quae
454 2474 601 2512 conuentus

136 2561 266 2598 omnium
277 2561 433 2601 reuertere.
451 2553 478 2600 n.
491 2541 602 2599 iussisse

148 2629 216 2686 latas
234 2629 319 2703 magis
331 2647 410 2704 qnam
421 2627 527 2684 tulisset
542 2631 547 2699 Ι
562 2629 602 2683 ui·

148 2713 207 2772 deri
216 2723 318 2794 posset.
327 2746 362 2757 -
374 2709 603 2775 flarl.1.Leid.1.:

147 2821 214 2880 quae
233 2821 380 2860 consensus
404 2803 524 2860 omnium
547 2821 602 2858 uon

144 2890 278 2948 inuasisse
289 2891 450 2965 letaemagie
462 2907 543 2968 quem
560 2898 602 2947 tu·

147 2976 213 3035 lieee
230 2978 319 3036 uideri
336 2985 438 3055 posset.

104 3065 130 3122 5.
148 3065 246 3122 edito.-
269 3064 317 3121 Pll
340 3075 367 3122 et
389 3063 446 3125 rell.
469 3063 548 3123 codd.
567 3096 601 3107 -

148 3151 258 3208 Delero
282 3153 347 3221 „od
363 3173 498 3210 rumores
517 3151 603 3208 horni-

151 3259 215 3294 num
233 3237 267 3294 ‹le
285 3259 447 3318 unoquoque
458 3239 546 3315 legum
561 3260 603 3296 ca·

150 3325 206 3400 pite
234 3323 354 3381 cditor“
379 3328 470 3402 potius
495 3325 604 3382 virleba-

152 3418 205 3477 tur,
224 3408 367 3486 quodcum
385 3413 497 3478 ‚‚eatie“
510 3431 604 3488 seque·
660 3419 663 3436 ³

151 3505 243 3564 retur,
268 3495 348 3556 facile
369 3496 479 3576 probari
503 3506 604 3574 poscet.

152 3605 246 3640 verum
261 3586 341 3642 edito
355 3591 427 3640 recte
438 3581 526 3641 hebet.
545 3602 606 3640 cum

151 3674 223 3733 euim
247 3671 339 3728 decem
362 3668 513 3727 tabularum
534 3667 606 3745 leges

156 3757 190 3812 ad
213 3778 333 3816 rumores
355 3757 495 3814 homiuum
523 3758 606 3812 corri-

154 3841 254 3918 gendae
282 3845 451 3914 viderentur,
487 3842 607 3918 singulae

155 3930 260 3991 tabulae
283 3953 332 4010 per
362 3931 471 4010 aliquod
501 3940 606 4010 tempus

154 4028 351 4096 exponerentur
363 4040 473 4076 necesse
491 4029 557 4087 erat,
577 4029 606 4077 ut

156 4107 185 4161 in
210 4104 258 4162 hae
287 4109 457 4183 potissimum
488 4108 606 4164 omnium

157 4189 227 4248 oculi
263 4201 492 4254 converterentur:
533 4192 606 4270 quod

733 1919 796 1990 ium
813 1934 842 1990 in
860 1931 984 1990 omnibus
1002 1932 1094 1992 decem
1111 1933 1187 1990 tabu-

735 2017 770 2076 lis
788 2017 888 2078 sactum
906 2029 986 2089 esset,
1007 2028 1064 2076 tum
1081 2015 1188 2083 demum

734 2107 806 2182 leges
824 2108 890 2163 satis
908 2117 1044 2166 correctae
1061 2107 1188 2181 rideban-

735 2203 787 2253 tur.
807 2215 867 2251 cum
885 2195 967 2272 igitur
978 2191 1081 2272 singula
1099 2197 1188 2272 siugu-

736 2279 823 2340 larum
832 2281 982 2348 tabularum
991 2263 1078 2362 oepit'a
1091 2293 1189 2356 eeeent,

734 2368 814 2426 edito
827 2369 869 2427 vel
879 2372 1033 2446 proposito
1046 2379 1189 2430 recteoum

734 2457 830 2530 cupite
847 2455 1068 2532 coniungebetur.
1087 2489 1121 2500 —-
1149 2452 1187 2514 ll:
1269 2515 1274 2534 ι

734 2543 891 2599 centuriatis
913 2545 1044 2602 comiciis.
1065 2564 1091 2604 x.
1113 2544 1189 2602 tebu-

725 2623 812 2684 larum
828 2627 910 2703 leges.

690 2714 717 2771 6.
736 2733 814 2792 quae
834 2735 913 2772 nunc
935 2733 1068 2794 quoquer
1090 2716 1140 2774 ΡΜ
1163 2727 1191 2774 et

737 2797 795 2859 rell.
814 2800 913 2876 code]
932 2805 979 2880 qui
993 2824 1064 2859 nunc
1082 2825 1190 2882 quoque

735 2895 786 2946 cet.
806 2915 840 2930 -
861 2886 895 2945 P:
913 2909 973 2968 que.
991 2889 1031 2946 ll:
1051 2911 1136 2968 quae.
1154 2924 1189 2935 -

736 2971 889 3043 Ct3‚18.:
907 2997 1075 3047 „memorem
1091 2999 1189 3056 coguo-

735 3062 831 3149 minie‚
859 3065 942 3141 quod
962 3065 1056 3144 populi
1083 3065 1189 3125 colendi

735 3147 810 3208 velut
832 3147 993 3211 hereditarie
1016 3174 1078 3211 cure
1103 3156 1189 3212 eibia

736 3237 1189 3300 maioribustroarnensem.-

735 3324 759 3382 P
781 3345 817 3383 m.
842 3327 880 3384 1.:
899 3313 1038 3386 inmense.
1064 3360 1098 3369 -
1127 3327 1190 3385 Pll:

736 3410 814 3466 frons
837 3413 924 3467 omnio
950 3411 1052 3489 publici
1078 3415 1190 3492 priuati-

739 3517 793 3576 que
811 3505 853 3552 est
870 3498 945 3556 iuria.
961 3530 995 3541 -
1014 3498 1049 3555 P:
1069 3499 1191 3578 uulgator

740 3581 845 3640 deinde.
873 3603 908 3643 m.
926 3587 966 3644 Ἅι
985 3585 1116 3666 uolgatur.

678 3672 721 3729 13.
736 3691 847 3746 peroro
865 3680 938 3731 erat.
955 3705 988 3714 -
1011 3673 1046 3731 Pr
1064 3697 1114 3754 per
1132 3697 1191 3736 oec-
1259 3691 1264 3702 ‘

737 3766 786 3816 ret.
809 3757 851 3816 Ill:
868 3769 1014 3837 perooerot.
1044 3763 1094 3819 aed
1111 3783 1146 3823 nr.
1165 3768 1191 3824 ³.

738 3843 766 3900 iir
779 3842 805 3901 ll
823 3847 952 3922 seriptum
965 3857 1007 3904 est
1025 3854 1137 3927 rieupra
1150 3873 1191 3910 ee.

740 3963 773 3972 -
796 3930 957 3990 Peroeerat
974 3935 1042 3993 nihil
1061 3935 1133 3994 eliud
1151 3949 1192 3994 eet

739 4038 819 4094 quam
837 4032 1026 4094 perornaret,
1053 4042 1114 4080 eum
1131 4043 1191 4102 per-

738 4123 819 4180 saepe
837 4108 873 4162 ita
891 4109 920 4164 in
928 4107 977 4166 ΡΜ
989 4131 1005 4167 e
1015 4128 1065 4187 pro
1078 4130 1115 4167 ae
1126 4115 1192 4170 ecri-

738 4201 814 4270 ptum
838 4192 988 4268 legerimus.
1019 4195 1053 4256 cl.
1075 4201 1107 4267 3,
1131 4203 1191 4261 58.:
