2802 4726
213 363 216 370 .
255 266 350 364 462²
714 305 822 366 trum
839 303 884 368 ιι.
965 343 971 366 1

254 472 426 564 aegerrime
454 470 485 538 id
512 469 605 561 plebs
633 469 739 538 lerret.
776 471 878 540 iacere
905 482 973 540 tam
993 472 1048 540 diu
1075 474 1184 542 inritus
1212 479 1357 547 actiones

227 601 232 614 ·
253 601 337 669 quae
360 578 401 643 de
422 575 488 646 suis
510 575 688 643 commodis
709 576 875 660 ferrentur,
897 599 973 644 cum
994 577 1125 648 interim
1142 573 1183 648 de
1199 585 1356 673 sanguine

255 707 294 750 ac
315 680 471 772 supplicio
495 705 554 750 suo
576 681 674 749 latam
694 681 800 772 legem
821 681 991 750 confestim
1014 684 1157 752 exerceri
1178 697 1211 752 et
1231 696 1356 756 tantam

252 788 320 855 vim
340 786 469 854 habere.
506 786 702 878 aptissimum
723 797 852 877 tempus
873 785 987 869 luerat,
1009 787 1173 858 vindicatis
1195 791 1356 860 seditioni-

217 893 314 958 tbus
336 890 584 958 delenimentum
605 892 715 959 animis
738 891 855 961 Volani
875 891 941 982 agri
963 893 1152 964 divisionem
1179 895 1262 966 obici
1286 923 1356 988 quo

251 996 338 1063 lacto
367 995 552 1064 minuissent
580 996 770 1064 desiderium
798 998 936 1088 agrariae
964 997 1060 1088 legis,
1089 1021 1175 1090 quae
1198 1025 1356 1090 possesso

250 1125 309 1192 per
328 1101 472 1169 iniuriam
494 1124 570 1192 agro
597 1101 726 1192 publico
754 1113 860 1193 patres
888 1102 1040 1194 pellebat.
1076 1115 1154 1174 nme
1181 1105 1262 1173 haec
1282 1108 1358 1199 ipsa

311 1314 373 1352 men
390 1295 519 1371 consequi
536 1294 638 1369 aegerri
652 1295 657 1365 Ι
673 1313 716 1352 me
732 1293 763 1354 id
782 1317 786 1324 ’
850 1295 877 1354 2.
894 1313 960 1352 eum
970 1293 1086 1350 interim
1103 1295 1143 1353 de
1153 1298 1305 1376 sanguine
1316 1319 1359 1356 ae

310 1379 387 1460 plebs
405 1382 518 1441 serret“.
544 1379 598 1438 duo
616 1401 710 1440 versus
727 1382 760 1439 ab

308 1469 490 1546 „nequiuere“
504 1467 539 1525 ad
552 1470 683 1538 „imitas‘
694 1471 760 1527 seri-
791 1517 794 1524 ,

199 1613 202 1625 ,
308 1557 350 1636 pti
368 1565 431 1612 sunt
448 1557 477 1612 iu
494 1555 548 1613 bue
563 1555 634 1614 libro
652 1557 681 1614 iu
698 1555 759 1614 luco

262 1639 268 1652 '
309 1661 370 1699 raso
389 1643 438 1700 sed
453 1645 541 1719 prima
558 1663 647 1703 manu.

266 1731 290 1788 1.
309 1731 406 1787 iacere
417 1739 479 1787 tam
489 1732 543 1790 dtu
555 1734 661 1790 inritos
670 1733 760 1789 oetio-

309 1837 363 1874 nea
381 1838 460 1894 quoe
475 1817 526 1888 (Pr
549 1822 619 1896 que)
636 1822 675 1878 de
695 1821 761 1879 suis

193 1897 199 1920 ‘
307 1904 759 1978 commodisferrenturePllleod.

307 1989 412 2065 liban]
430 1995 517 2052 iacere
534 2004 589 2052 tam
606 1995 654 2054 diu
669 1997 760 2053 irritas

220 2155 227 2167 ι
306 2083 459 2139 sanctiones
477 2104 545 2160 quae
563 2093 613 2144 eet.
637 2115 671 2126 ·-
699 2083 786 2173 „So¹

305 2166 382 2244 lange
399 2171 485 2228 seleon
507 2170 584 2246 lttgen
605 2171 649 2229 die
667 2192 700 2231 ιιι
717 2171 758 2230 ilt-

305 2274 362 2310 rem
389 2255 489 2314 Besten
519 2257 675 2333 gemacbten
702 2259 758 2316 An·

304 2350 379 2417 trtge
402 2343 659 2421 untematsichugn
681 2347 756 2406 nst·

304 2431 397 2488 rend“
409 2441 460 2492 eet.
477 2431 618 2490 Actiones
627 2443 691 2491 sunt
701 2435 730 2495 Ιι.Ι
738 2435 756 2497 l.

303 2517 438 2593 postulata
462 2519 549 2598 plebis
575 2521 756 2581 tribunorum·

304 2625 356 2680 que
375 2605 409 2662 de
426 2611 497 2684 agris
508 2609 623 2686 publicis
642 2633 657 2668 a
674 2613 756 2687 patri·

302 2691 353 2748 bus
371 2699 519 2770 possessis,
543 2697 578 2752 da
601 2699 755 2756 consulibus

301 2782 492 2855 quaestoribus
515 2805 549 2840 ex
566 2785 646 2862 plebe
664 2806 754 2844 erean-

302 2866 345 2920 dis
363 2865 405 2936 al,
425 2889 564 2946 quaecum
575 2873 683 2950 publice
694 2883 752 2931 aeta

301 2962 392 3007 essent
413 2963 441 3010 et
462 2965 617 3030 agerentur,
639 2957 752 3036 perinde

293 3036 380 3107 ferri
401 3039 455 3096 dici
476 3035 652 3117 poterantne
678 3043 751 3118 leges

298 3122 449 3202 similiaque
484 3126 548 3182 farri
586 3127 750 3192 dicebantur.

300 3207 344 3271 Cf.
362 3213 388 3282 2,
406 3213 463 3272 bn:
482 3213 569 3282 „huic
580 3216 679 3273 actioni
692 3236 749 3294 gra·

298 3300 419 3358 tissimae
435 3300 509 3380 plebi
527 3321 588 3360 cum
604 3323 707 3366 summa
722 3309 750 3366 vi

300 3389 457 3446 resisterent
473 3397 587 3468 patres“
606 3402 656 3452 eet.
673 3397 750 3463 (eum

296 3469 398 3550 ¹Volero
410 3477 473 3538 trib.
483 3477 521 3556 pl.
533 3483 697 3556 rogationem
709 3493 750 3540 tu·

298 3555 376 3617 lisset
387 3575 417 3619 ut
427 3565 516 3641 plebei
526 3571 693 3642 magistratus
702 3572 750 3627 tri·

298 3643 372 3702 tuus
390 3653 504 3709 comitiis
522 3655 641 3724 fierent).
662 3658 688 3725 l,
707 3659 750 3716 43.

299 3734 376 3795 (cum
393 3735 494 3794 tribuni
508 3739 545 3815 pl.
558 3751 691 3800 ommmeu
708 3745 748 3800 in·

297 3819 421 3878 tulissent
443 3831 474 3881 ut
492 3845 556 3904 pars
579 3840 748 3906 quaestorum

299 3929 334 3966 ex
359 3909 438 3986 plebe
463 3913 572 3986 lieret):
598 3916 747 3986 „adsersus

297 4017 377 4073 quam
405 4003 538 4058 actionem
568 4013 596 4060 et
625 4004 748 4062 consules

296 4097 323 4140 et
344 4097 434 4164 patres
455 4107 559 4147 summa
583 4111 635 4172 ope
653 4089 746 4149 'adnisi

294 4177 394 4230 sunt“:
412 4173 445 4232 sl.
482 4204 486 4211 ·

894 1381 1036 1456 supplicio
1055 1380 1114 1450 (tta
1136 1381 1268 1460 suplicio)
1293 1407 1358 1443 auo

893 1469 987 1526 letam
1003 1468 1100 1548 legem
1115 1468 1274 1542 confestim
1294 1493 1359 1528 ea:-

894 1556 990 1613 ereerr'
1015 1563 1045 1612 et
1069 1565 1182 1615 tantam
1205 1559 1267 1614 uim
1291 1557 1357 1630 (lll:

890 1646 954 1712 uit)
973 1641 1099 1702 tatere:
1115 1643 1166 1726 ΡΜ
1183 1644 1243 1703 aod.
1258 1643 1356 1706 Rbou.

892 1762 928 1774 -
939 1730 1036 1790 sem:
1054 1731 1089 1787 da
1099 1734 1228 1808 sanguiue
1245 1741 1274 1790 et
1285 1753 1356 1810 sup·

892 1817 983 1898 plioio.
1009 1850 1044 1863 -
1068 1819 1216 1878 Glareanus
1234 1831 1261 1876 et
1278 1819 1355 1878 Gru·

892 1914 968 1964 terus
994 1925 1060 1964 eum
1087 1907 1171 1965 deleri
1197 1907 1353 1967 voluerunt.

891 1992 937 2052 Cf.
955 1995 987 2064 2,
1006 1998 1064 2056 22:
1090 2016 1157 2053 eum
1173 1997 1290 2070 Appius
1314 2024 1351 2037 ·-·

891 2081 998 2140 dicere.

846 2194 871 2251 l.
889 2193 1074 2268 aptissimum
1090 2200 1205 2268 tempus
1216 2190 1350 2264 fuerat:

888 2278 916 2337 ll
950 2279 1010 2339 eod.
1039 2278 1143 2352 Rham]
1172 2281 1349 2356 aptissimum

887 2377 994 2446 tempus
1011 2376 1069 2424 erat
1085 2367 1148 2439 (P).

844 2495 871 2554 5.
890 2492 1117 2551 delenimentum
1145 2491 1252 2547 animia
1282 2491 1348 2550 Vo-

887 2582 954 2639 lant
970 2581 1040 2660 egri
1057 2579 1233 2636 diuisionem
1250 2579 1350 2634 obici.-

887 2668 951 2741 ΡΜ]
963 2667 1168 2724 delenimentum
1180 2667 1275 2722 animis
1289 2667 1350 2722 Bo·

885 2756 942 2814 lani
960 2757 1016 2831 agri
1035 2755 1194 2812 divisionem
1205 2753 1299 2814 obiici.
1310 2787 1348 2798 -—
1388 2773 1389 2836 ᾗ

880 2844 1052 2910 -ct30‚13.2
1071 2841 1167 2912 „illam
1184 2841 1283 2898 loriam
1295 2864 1347 2918 pe·
1388 2845 1389 2874 l

883 2939 1004 3005 stemque
1027 2930 1153 2986 omnibus
1175 2929 1344 2988 delenimen-

883 3018 919 3072 tis
931 3015 1023 3083 (Pus)
1041 3016 1251 3073 animamarum
1262 3039 1343 3077 aver·

881 3105 948 3160 iisse
966 3110 1045 3178 atque
1062 3101 1216 3158 alienasse“
1234 3114 1288 3164 cet.
1308 3135 1345 3152 -

881 3189 919 3248 P:
937 3191 1055 3267 agrariae
1071 3188 1139 3268 legis
1158 3211 1211 3268 quo
1230 3195 1286 3260 (m.
1299 3196 1345 3252 2:

883 3279 1262 3358 quaetpossessiopiniuriam
1270 3296 1342 3358 agro

884 3365 993 3445 publico
1023 3375 1114 3444 patres
1138 3367 1263 3444 pellebat.
1296 3369 1340 3426 lll:

882 3457 1002 3530 agrariae
1020 3454 1085 3530 legis
1106 3475 1173 3532 quaa
1193 3459 1340 3532 possessio

877 3561 930 3621 per
942 3545 1067 3600 iniuriam
1078 3562 1141 3618 agro
1159 3531 1268 3621 publico
1289 3565 1339 3622 pa·

883 3640 939 3688 tres
956 3631 1095 3708 psallebat.
1114 3659 1148 3672 -
1170 3628 1242 3687 Num
1264 3653 1338 3702 „ex-

879 3717 1036 3794 pellebat“l

813 3833 862 3900 ,7.
880 3841 949 3888 tune
973 3831 1047 3888 haee
1074 3832 1140 3906 ipsa
1166 3827 1337 3910 indignitas

880 3921 1010 3998 ungebat
1020 3919 1151 3978 animos:
1168 3917 1225 3978 Pul.
1236 3947 1276 3962 -
1291 3919 1337 3981 Cf.

878 4009 905 4074 2,
916 4011 958 4067 7.ι
980 4007 1046 4064 haec
1058 4007 1171 4064 dieta-
1181 4027 1241 4064 eum
1259 4009 1337 4066 indi·

878 4097 979 4170 gnitate
996 4103 1122 4170 ungerent
1139 4093 1258 4154 consulis
1273 4099 1336 4154 ani·

876 4200 958 4241 mum.
