2860 4736
268 347 313 414 st
451 343 457 360 “
558 443 560 450 Ι
714 342 822 420 unm
843 359 876 424 u.

256 515 328 590 'est
351 520 551 592 Vitelliorum
572 545 666 592 soror
686 521 810 590 consuli
829 531 928 613 nupta
950 519 1051 589 Bruto
1074 531 1151 605 erat,
1172 519 1307 612 iamque
1332 545 1371 588 ex

268 647 310 696 eo
331 626 530 696 matrimonio
553 622 772 696 adulescentes
800 635 890 694 erant
916 625 1006 694 liberi
1026 623 1120 694 'littus
1142 625 1371 716 Tiberiusque.

267 755 327 801 eos
347 755 477 826 quoque
497 733 529 802 in
552 733 739 802 societatem
761 729 883 800 consilii
903 727 1052 798 auunculi
1073 729 1256 798 adstunuut.
1279 753 1373 820 prae

268 849 317 906 ter
338 863 377 908 ea
398 839 523 930 aliquot
543 849 577 906 et
596 837 720 906 nobiles
735 835 955 906 adulescentes
971 833 1090 903 conscii
1104 834 1276 926 adsumpti,
1290 858 1372 926 quo

232 957 338 1024 ,orum
359 953 518 1012 venustate
539 942 693 1011 memoria
716 940 800 1010 abiit.
821 940 948 1008 interim
969 963 1044 1008 erun
1064 939 1098 1006 iu
1111 951 1225 1008 senatu
1239 939 1374 1008 vicisset

265 1047 421 1116 sententia
445 1071 529 1139 quoe
551 1047 702 1116 censebat
721 1046 882 1116 reddenda
903 1045 990 1112 bona
1012 1069 1148 1137 eamque
1169 1043 1274 1134 ipsam
1298 1067 1372 1110 cau·

264 1173 335 1218 sam
355 1175 466 1222 morae
486 1153 520 1220 in
540 1153 620 1222 urbe
642 1151 797 1221 baberent
816 1149 921 1242 legati,
943 1149 1032 1241 quod
1053 1151 1190 1242 spatirun
1219 1149 1262 1216 ad
1284 1147 1371 1216 vehi

264 1255 338 1321 cula
369 1257 570 1348 conparanda
595 1281 614 1324 a
643 1257 826 1326 consulibus
863 1253 1073 1347 sumpsissent
1105 1252 1222 1346 quibus
1254 1275 1371 1344 regnu

266 1369 467 1446 asportarent
486 1385 547 1445 res,
568 1385 664 1430 orune
687 1363 719 1430 id
732 1374 861 1453 tempus
876 1383 950 1429 cum
970 1358 1140 1426 coniuratis
1155 1357 1371 1428 consultando

218 1477 255 1534 1⁰
267 1461 439 1532 absumunt
464 1465 676 1560 evinctmtque
704 1466 850 1534 instando
877 1477 914 1533 ut
939 1463 1063 1532 litterae
1091 1462 1151 1530 sibi
1171 1463 1213 1530 ad
1233 1461 1371 1554 Tarqui

266 1565 337 1635 aios
360 1567 523 1640 darentur:
545 1594 620 1640 nam
642 1571 731 1640 aliter
752 1570 808 1664 qui
836 1571 1010 1639 credituros
1038 1593 1096 1638 eos
1122 1590 1188 1636 non
1214 1591 1300 1634 vana
1330 1567 1370 1634 ab

263 1671 377 1764 legalis
399 1698 496 1767 super
516 1676 614 1746 rebus
633 1675 729 1746 tantis
751 1675 886 1744 adferri?
913 1677 1006 1744 datae
1028 1673 1167 1756 litterae,
1193 1683 1231 1740 ut
1250 1671 1369 1764 pignus

263 1776 338 1847 fidei
364 1791 485 1864 essent,
512 1781 717 1851 manilemurn
743 1781 866 1849 munus
888 1781 1043 1849 lecenrnt.
1071 1801 1147 1845 nam
1168 1801 1245 1846 cum
1265 1777 1368 1870 pridie

263 1906 362 1972 (Ῑιιιιιιι
382 1885 477 1975 legati
499 1886 540 1952 ad
554 1884 745 1978 Tarquinios
760 1885 1044 1976 proficiscerenbrr,
1066 1895 1100 1952 et
1119 1894 1269 1952 cenatum
1283 1881 1367 1950 forte

217 1999 252 2056 15
265 1985 350 2076 apud
371 1985 519 2055 Vitellios
542 2002 627 2058 esset
649 1990 865 2080 coniuratique
893 1989 937 2056 ibi
957 1989 1089 2058 remotis
1115 1987 1246 2056 arbitris·
1265 1987 1367 2054 multa

212 2103 216 2106 ’
262 2088 401 2158 intense
423 2092 463 2159 de
484 2115 571 2161 novo
593 2105 631 2161 ut
651 2094 689 2162 lit
709 2093 842 2163 consilio
865 2093 1016 2184 egissent,
1043 2116 1225 2162 sermonem
1253 2116 1365 2161 eorum

263 2193 427 2262 exsertis
448 2219 532 2264 unus
555 2199 691 2290 excepit,
714 2198 771 2289 qui
791 2198 855 2265 ianr
877 2209 970 2266 antea
996 2199 1028 2265 id
1050 2210 1193 2266 senserat
1213 2197 1278 2288 agi,
1308 2195 1363 2262 sed

262 2319 337 2364 eam
359 2299 569 2386 occasionem,
591 2316 629 2372 ut
649 2304 771 2372 litterae
793 2302 904 2394 legatis
926 2288 1075 2378 darentur
1092 2326 1173 2394 quae
1191 2299 1363 2392 deprehen

222 2449 225 2454 -
263 2422 320 2470 sae
340 2424 415 2471 rem‘
432 2427 607 2498 coarguere
625 2419 766 2498 possent,
781 2408 980 2499 expectabat
1001 2419 1173 2500 postquam
1186 2405 1276 2472 datas
1293 2428 1359 2472 sen-

210 2505 319 2591 ausit,
345 2531 414 2575 rem
442 2511 483 2578 ad
511 2511 660 2580 eonsules
681 2511 811 2581 detulit.
837 2513 986 2582 consules
1015 2515 1054 2580 ad
1076 2509 1360 2602 deprehendendos

143 2707 148 2714 Ι
262 2609 384 2702 legatos
407 2615 653 2708 coniuratosque
675 2617 812 2708 proiecti
834 2619 931 2688 domo
953 2620 1021 2688 sine
1043 2617 1185 2685 tumultu
1204 2638 1274 2682 rem
1297 2636 1360 2681 om

262 2737 547 2809 nem-oppressere
569 2722 747 2796 litterarum
772 2723 936 2815 inprimis
964 2724 1071 2791 habita
1099 2745 1175 2790 cura
1202 2743 1244 2786 ne
1271 2720 1362 2786 inter-

200 2863 203 2870 ·
226 2844 236 2858 “
263 2819 412 2890 ciderent.
434 2825 649 2914 proditoribus
672 2829 834 2920 extemplo
857 2830 890 2896 in
911 2829 1015 2896 vincla
1037 2825 1188 2895 coniectis
1218 2825 1259 2890 de
1279 2823 1360 2910 lega·

263 2923 303 2989 tis
324 2926 492 3016 pardrdum
513 2931 733 3001 addubitatum
755 2945 818 3004 est:
841 2945 875 3001 et
896 2955 1090 3024 quamquam
1111 2927 1170 2996 visi
1187 2934 1263 2992 sunt
1276 2945 1361 2990 com-

217 3026 388 3096 ttmisisse
409 3042 447 3098 ut
468 3029 610 3100 hostium
631 3036 706 3105 loco
730 3049 845 3119 essent,
868 3037 917 3104 lus
939 3049 1048 3104 tamen
1069 3032 1210 3125 gentium
1231 3023 1350 3097 valuit,

352 3130 394 3200 V.
422 3132 474 3202 De
497 3135 590 3206 bonis
611 3141 694 3230 regis
716 3165 799 3230 quac
820 3141 910 3210 reddi
932 3152 1004 3211 unte
1027 3145 1224 3217 censuerant,
1245 3156 1297 3200 res
1318 3134 1361 3200 in-

281 3261 307 3320 2.
326 3261 352 3323 4.
370 3262 597 3326 adulescentes:
609 3268 673 3342 ΡΜ]
690 3268 760 3329 adol.
851 3270 893 3328 ll.
911 3289 1002 3345 super
1019 3270 1107 3326 rebus
1123 3267 1230 3324 tantia:
1247 3263 1304 3324 ΡΜ.

281 3351 307 3409 8.
326 3351 357 3408 ιἰι
375 3353 559 3411 societatem:
579 3353 600 3412 Ρ
618 3377 653 3417 m.
664 3360 690 3422 Ρ.
701 3357 736 3417 Μ.
748 3359 778 3415 in
850 3358 892 3430 18.
911 3358 1129 3414 occansionem.-
1146 3353 1169 3410 P
1187 3373 1222 3412 m.
1242 3357 1266 3412 1.

324 3441 466 3498 societate:
486 3441 557 3502 Ριιι.
576 3447 602 3501 1.
847 3475 883 3489 -
911 3455 943 3502 ut
959 3445 1075 3502 litterae
1092 3444 1201 3522 legetis
1220 3441 1362 3498 darentur

281 3523 308 3582 4.
325 3527 442 3603 aliquot
459 3538 488 3586 et
505 3531 634 3588 nobiles:
659 3529 704 3604 P]
728 3529 776 3588 ali·
910 3553 988 3609 quae
1006 3529 1225 3608 deprehensae:
1244 3525 1299 3587 ΡΜ.
1384 3571 1392 3582 .

324 3612 392 3686 quo't
408 3613 511 3673 nobiles
530 3617 588 3695 (Μ).
606 3650 640 3662 -
658 3617 732 3678 Harl
741 3637 775 3678 1.:
847 3621 892 3678 Μ).
910 3621 954 3677 ad
970 3617 1252 3697 deprehendendos:
1269 3611 1325 3670 PM.

324 3697 428 3762 nobiles
446 3700 555 3777 aliquot.
847 3709 892 3766 ΜΡ.
911 3727 948 3764 ne
966 3703 1196 3763 intercederent:
1213 3699 1241 3756 Μ
1258 3719 1294 3760 ιιι.
1313 3702 1338 3758 1.

280 3782 307 3841 5.
325 3787 466 3840 memoria
483 3789 569 3846 abiit:
587 3789 645 3852 ΡΜ.
846 3796 891 3852 23.
909 3796 940 3850 in
958 3794 1072 3849 uincla}
1090 3787 1162 3861 ΡΜ]
1181 3791 1210 3844 in
1227 3785 1342 3846 vincula.

280 3869 307 3929 6.
324 3870 401 3926 bona
424 3889 564 3948 eamque:
590 3875 612 3933 P
635 3899 669 3938 m.
692 3881 718 3939 2.
740 3878 776 3940 Μ.
846 3881 890 3939 Μ.
906 3879 1078 3955 paululum:
1096 3875 1165 3948 ΡΜ]
1187 3871 1342 3954 paullulum.

325 3955 396 4013 boue
414 3977 538 4036 eamque:
557 3961 578 4017 P
595 3983 631 4023 m.
650 3970 674 4026 1.
754 3977 765 3990 “
847 3969 891 4026 26.
911 3966 949 4022 de
966 3965 1050 4022 bonis
1065 3965 1149 4044 ,regie
1174 3963 1217 4032 (b.
1230 3982 1253 4019 e.
1264 3960 1358 4034 regiis)

264 4045 308 4103 10.
325 4047 497 4103 absumunt:
515 4046 545 4106 P.
564 4049 721 4109 adsumunt:
739 4051 774 4111 Μ.
842 4115 844 4120 ,
909 4072 986 4131 quae
995 4051 1085 4110 reddi
1092 4059 1163 4106 orate
1170 4053 1356 4112 censuerunt:

264 4133 306 4190 11.
323 4152 392 4189 nam
414 4135 504 4192 aliter
531 4140 584 4212 qui
608 4140 775 4198 credituros
907 4137 957 4196 ΡΜ
973 4137 1047 4198 llarl.
1064 4139 1104 4212 a]
1129 4136 1259 4194 debonis
1277 4131 1353 4206 regiis

293 4303 300 4312 .
326 4239 393 4279 eos:
411 4218 468 4281 ΡΜ.
504 4262 507 4272 ,
909 4245 978 4305 quae
995 4235 1047 4284 eet.
1080 4226 1081 4229 ’
1233 4226 1235 4238 ’
