2836 4720
555 261 661 384 aranu
680 323 724 385 n.
930 389 933 399 ,
1017 325 1021 336 ·
1100 313 1186 424 ,ιιι
1296 325 1299 332 ·

77 487 221 592 negotio
243 487 308 555 suis
328 497 366 556 ut
387 509 502 580 eorpus
525 486 725 578 obtegerent,
747 486 815 578 ipse
836 488 869 554 in
890 487 998 557 locum
1018 488 1185 582 vicemque

78 592 230 660 consulis
252 593 408 684 provolat.
441 615 516 682 prae
539 593 650 659 ardore
671 591 856 682 impetuque
877 603 983 660 tantae
1004 594 1050 662 rei
1071 618 1185 662 sensus

77 719 156 762 non
179 697 321 787 pervenit
342 696 383 764 ad
404 696 551 764 militem:
576 696 662 788 prius
684 696 759 764 vicit
781 719 878 788 quam
891 699 935 764 ‘se
957 721 1096 788 pugnare
1118 700 1184 768 sine
1302 683 1315 732 t

77 800 173 867 duce
195 795 333 868 sentiret.
369 799 459 867 multi
480 801 610 868 exulum
631 801 728 868 caede
750 824 807 868 suu
829 801 999 868 foedavere
1021 804 1185 893 templrun‚

40 947 46 957 ·
76 905 182 971 multi
197 905 261 972 vivi
283 903 376 994 capti,
398 903 576 973 Herdonius
597 905 790 973 interiectus.
818 906 860 974 ita
883 904 1075 995 Capitolium
1097 890 1214 978 recu-b

15 1015 19 1034 '
75 1019 246 1100 peratum.
277 1008 316 1075 de
332 1009 470 1100 captivis,
492 1021 528 1076 ut
543 1009 678 1100 quisque
694 1011 774 1078 liber
790 1022 844 1077 aut
857 1033 968 1078 servus
990 1003 1092 1095 esset'
1106 1035 1183 1088 suae

75 1112 235 1179 fortunae
269 1136 287 1179 a
314 1137 443 1204 quoque
476 1125 639 1205 sumptum
674 1115 863 1207 supplicium
894 1123 952 1182 est.
994 1114 1184 1182 Tusculanis

76 1214 206 1306 gratiae
229 1227 327 1300 actae,
350 1215 541 1308 Capitolium
554 1230 723 1311 purgatum
737 1231 832 1312 atque
845 1220 1022 1287 lustratum.
1056 1219 1089 1285 in
1100 1223 1184 1286 'con-

75 1318 164 1385 sulis
187 1319 319 1387 domum
339 1320 451 1412 plebes
475 1325 665 1416 quadrantes
692 1335 729 1392 ut
755 1324 866 1392 funere
894 1323 1048 1413 ampliore
1071 1323 1184 1391 eierre·

74 1434 137 1489 tur
158 1413 291 1493 iactasse
312 1425 421 1494 fertur.
1160 1445 1163 1455 ·
1197 1441 1231 1498 ιο

174 1527 262 1596 xlx.
305 1530 399 1599 Parta
419 1555 500 1623 paee
521 1531 637 1598 instare
663 1545 733 1599 tum
760 1532 876 1599 tribuni
896 1531 1043 1624 patribus
1066 1543 1102 1598 ut
1124 1531 1183 1598 Pu-

74 1631 129 1697 bli
156 1632 264 1700 Valeri
291 1633 388 1700 fidem
416 1634 632 1716 exsolverent,
664 1634 780 1701 instare
809 1634 942 1700 Claudio
972 1645 1008 1700 ut
1041 1634 1182 1723 collegae

74 1736 163 1802 deos
191 1759 301 1804 manes
327 1735 437 1802 fraude
464 1735 626 1821 liberaret,
653 1734 710 1828 'agi
738 1738 777 1803 de
804 1737 875 1828 lege
907 1737 1032 1804 sineret.
1072 1738 1183 1804 consul

74 1850 158 1907 ante
180 1863 277 1930 quarn
299 1841 455 1931 collegam
477 1841 536 1908 sibi
563 1842 767 1932 subrogasset
793 1865 909 1932 negare
936 1843 1105 1932 passurum
1131 1839 1182 1930 agi

76 1945 124 2011 de
147 1944 228 2034 lege.
257 1944 318 2012 hae
341 1956 470 2012 tenuere
492 1946 712 2014 contentiones
733 1969 836 2039 usque
858 1945 899 2010 ad
921 1943 1048 2011 comitia
1071 1961 1229 2016 consu-15
1347 1999 1352 2020 ,

74 2048 120 2115 lis
155 2048 356 2140 subrogandi.
400 2049 572 2117 Decembri
604 2073 715 2118 mense
749 2073 876 2118 summo
914 2057 1040 2139 patrum
1076 2047 1180 2116 studio

17 2229 21 2238 1
72 2151 126 2220 L:
142 2153 309 2240 Quinctius
331 2153 534 2223 Cincinnatus
555 2166 647 2247 pater
663 2153 814 2223 Caesonis
837 2153 949 2221 consul
972 2162 1103 2233 creatur,
1126 2150 1180 2241 qui
1299 2221 1303 2229 Κ

75 2258 298 2348 magistratum
326 2257 431 2325 statim
460 2259 629 2351 occiperet.
665 2259 812 2350 perculsa
839 2267 907 2325 erat
934 2255 1045 2348 plebes
1069 2278 1180 2322 consu-

74 2363 146 2429 lem
167 2361 311 2429 habitura
338 2363 468 2444 iratum,
499 2374 664 2454 potentem
690 2362 799 2432 favore
830 2374 956 2454 patrum
977 2361 1092 2428 virtute
1121 2382 1178 2425 sua
1236 2363 1242 2370 “

75 2465 181 2534 tribus
202 2465 318 2548 liberis,
347 2489 484 2556 quorum
512 2490 608 2533 nemo
633 2466 770 2535 Caesoni
785 2465 930 2535 ‚cedebat
963 2463 1227 2555 magnitudinem

75 2569 185 2652 animi,
207 2569 372 2637 eonsilium
395 2581 428 2635 et
450 2570 583 2636 modum
598 2570 777 2638 adhibendo
793 2569 847 2637 ubi
869 2593 920 2636 res
934 2581 1083 2658 posceret
1096 2568 1178 2658 prio-

73 2697 131 2743 res
154 2685 252 2742 erant.
287 2672 315 2739 is
336 2683 373 2740 ut
393 2671 610 2762 magistratum
631 2673 702 2768 init,
731 2672 869 2742 adsiduis
898 2671 1097 2740 contionibus
1119 2693 1177 2772 pro

74 2778 225 2849 tribunali
252 2801 318 2846 non
342 2778 374 2844 in
402 2777 498 2869 plebe
526 2780 712 2868 coercenda,
729 2802 827 2870 quam
856 2785 968 2842 senatu
995 2773 1177 2864 castigando
1297 2855 1308 2867 ἱ

93 2957 122 3014 ό.
140 2956 226 3012 multi
255 2955 376 3013 exulum
411 2949 516 3011 caede'
539 2953 591 3019 (1³2
665 2958 706 3015 ll.
723 2953 813 3012 Publi
831 2950 951 3009 Valeri:
969 2946 1036 3020 ΡΜ]
1055 2947 1084 3005 Ρ.
1100 2913 1187 3002 ΡεΙεᾸι

49 3039 54 3048 ’
139 3042 235 3112 cede):
254 3040 310 3101 ΡΜ.
724 3036 1175 3098 rii.-Pm.1.:sedem.m.u=

92 3131 121 3187 6.
139 3137 171 3186 ut
188 3131 314 3206 quiaque
331 3129 406 3187 liber
420 3129 590 3186 autseruus
722 3127 818 3185 {idem'

138 3225 233 3273 ²⁸⁸0&
250 3215 281 3275 P·
308 3247 342 3257 ··
371 3214 410 3271 Mi
428 3223 459 3271 ¹¹²
476 3218 590 3292 (ΙΡΡΨῙΡ
661 3240 704 3298 15.
721 3238 780 3296 bae
798 3235 911 3306 (Pabe)
927 3239 1174 3292 temereconten-

138 3291 228 3357 libera
238 3311 370 3358 utseruus
381 3301 386 3373 Ι
397 3309 477 3358 esset.
490 3299 562 3358 Harl.
571 3319 588 3358 ι.
722 3327 818 3380 gom
837 3341 931 3396 mque
944 3319 987 3375 „d
998 3318 1116 3374 comma
1133 3314 1174 3382 (P

139 3385 505 3444 Leid.1.=liberouit.=-ll1:
524 3405 588 3442 suae
721 3430 756 3467 m·
788 3412 826 3467 1.:
860 3406 1008 3468 comitia)
1042 3399 1173 3456 consulis

138 3473 249 3530 fortuna
267 3493 299 3529 ca
317 3492 401 3550 quoqa
415 3479 559 3548 sumptum.
721 3491 921 3572 subrogandi:
944 3486 1000 3546 PM,
1023 3517 1057 3528 ,,
1081 3486 1121 3542 Μ;
1141 3484 1172 3543 [ἡ

93 3568 119 3622 9.
139 3570 171 3619 ut
181 3560 295 3634 sunere
317 3560 461 3632 ampliore
478 3556 588 3630 eferre·
643 3634 646 3644 Ι
719 3581 871 3656 Quinctius·
1171 3593 1175 3606 .

136 3658 193 3706 tur.
220 3681 253 3691 -
283 3646 331 3704 ΡΜ
349 3644 421 3702 Harl.
441 3663 473 3704 ιι
501 3654 530 3700 ut
548 3645 587 3702 iu·

138 3730 587 3812 nereamplioreierretur.lueida:

137 3831 168 3878 ut
185 3822 275 3879 funere
288 3817 588 3898 ampliora‘rel'erretur.

137 3937 172 3953 -·
187 3906 230 3967 cf.
249 3927 290 3967 ex.
307 3927 346 3984 gr.
364 3910 409 3976 30,
426 3908 466 3964 ba
485 3906 587 3986 efuge·

24 4005 27 4010 '
137 4003 184 4053 ret
201 3993 305 4066 (Pae).
658 3994 701 4051 23.
720 4011 809 4070 qua-m
838 3996 943 4046 senatu
977 3983 1168 4058 castigando:

78 4085 119 4148 11.
134 4092 224 4160 parta
237 4101 324 4157 pare:
342 4079 501 4153 unuln]
521 4100 587 4158 pace
720 4075 776 4133 ΡΜ.
796 4105 826 4117 -
847 4073 926 4133 Voss.
939 4091 969 4130 a:
989 4087 1068 4148 quarn
1087 4069 1168 4124 inse-

135 4181 219 4250 parta.
230 4203 263 4214 ——
274 4168 295 4224 Ρ
307 4180 341 4225 m.
356 4169 394 4224 1.=
412 4177 489 4244 parte
500 4185 574 4247 pace.
719 4173 790 4221 natu.
854 4231 857 4236 Δ

904 4245 970 4315 16*

660 3696 702 3752 18.
721 3694 878 3767 occiperet:
896 3685 931 3745 Μ.
949 3687 1099 3762 acciperet:
1118 3682 1148 3740 P.

659 3799 702 3854 Ὦ.
721 3797 789 3854 init.-
807 3793 853 3864 Μ]
872 3791 940 3848 iniit.
959 3820 993 3832 -
1020 3785 1082 3843 Pbl:
1100 3785 1170 3841 adsi·

719 3881 781 3937 duis
800 3877 977 3936 contionibus.
