2838 4822
554 343 720 458 nnana
840 317 843 320 ¹
1104 351 1168 418 ἰι
1206 316 1216 328 “

71 527 148 596 lum
169 525 304 610 indicere
330 527 443 596 iussos.
466 525 506 593 ad
524 525 604 594 lraec
618 519 732 594 'lullus
753 523 938 611 ‚‚nuntiate“
959 526 1061 618 iuquit
1082 525 1169 616 „regi
1242 566 1244 572 ·

73 642 197 716 vestro,
217 656 327 724 regern
348 633 529 700 Romanum
551 631 629 698 deos
646 630 754 718 lacere
776 642 889 715 testes,
916 641 987 699 uter
1006 631 1093 722 prius
1115 653 1170 721 po·

72 735 174 826 pulos
196 759 247 804 res
268 733 593 828 repetentcs'legatos
615 745 800 826 aspamatns
817 735 978 870 dimiserit,
998 747 1036 804 ut
1048 735 1081 801 in
1095 757 1171 804 eum

18 891 20 896 -
72 863 192 908 omncs
214 851 366 931 expetant
385 839 517 907 huiusce
540 839 646 907 clades
668 839 814 907 bellif‘..

9 1017 11 1024 ,
59 957 64 965 ’
168 943 283 1013 XXIlL
304 943 392 1014 Haec
410 943 555 1042 ncmtiant
575 943 708 1010 domum
724 941 846 1013 Albani.
869 955 903 1013 ct
922 943 1044 1012 bellum
1065 943 1200 1010 utrim-t·

73 1071 144 1139 que
172 1057 296 1117 summa
324 1073 386 1140 ope
412 1025 604 1140 parabatur,
618 1049 702 1116 civili
727 1049 922 1117 simillimum
946 1040 1033 1116 bello
1040 1070 1173 1139 ‚prope

73 1152 162 1219 inter
183 1165 330 1244 parentes
351 1165 525 1244 natosque,
546 1151 717 1221 Troianam
737 1166 906 1247 utramque
932 1153 1071 1246 prolem,
1099 1175 1173 1219 cum

74 1253 246 1326 Lavinium
268 1258 307 1324 ab
330 1257 436 1342 Troia,
457 1257 496 1324 ab
519 1254 650 1324 Lavinio
671 1255 769 1342 Alba,
791 1257 832 1325 ab
853 1259 1049 1328 Albanorum
1076 1255 1174 1346 stirpe

24 1363 32 1380 ’“
74 1385 191 1453 regum
217 1355 503 1430 oriundi‘Romani
529 1371 646 1429 essent.
674 1371 806 1432 eventus
833 1373 941 1432 tamen
967 1361 1042 1430 belli
1070 1361 1175 1430 minus

75 1465 293 1535 miserabilem
314 1467 549 1536 dimicationem
570 1465 654 1549 lecit,
676 1456 765 1556 qnod
781 1491 846 1535 nec
868 1467 935 1536 acie
957 1477 1113 1536 certatum
1126 1473 1175 1532 est
1187 1474 1221 1529 10
1323 1547 1325 1559 Ι

76 1581 113 1638 et
140 1572 233 1639 tectis
260 1572 360 1640 modo
388 1570 497 1639 diurtis
525 1570 654 1638 alterius
681 1569 779 1638 urbis*
799 1573 863 1639 duo
889 1571 1001 1664 populi
1021 1571 1055 1637 in
1074 1593 1175 1638 onum

78 1675 213 1767 confusi⁴
227 1687 311 1744 suut.
355 1673 469 1741 Albani
489 1673 616 1762 priorcs'
631 1674 751 1762 ingenti
773 1676 915 1743 exercitu
936 1677 978 1764 in
990 1681 1100 1764 agrum
1113 1674 1175 1740 Ro-

78 1800 214 1844 manum
234 1778 390 1868 impetum
404 1776 525 1862 'lecara
548 1785 650 1843 castra
672 1775 712 1840 ab
734 1778 814 1844 urbe
841 1777 920 1844 haut
940 1778 1013 1868 plus
1035 1778 1175 1867 quinque

13 1919 16 1930 ·
78 1881 168 1948 milia
189 1901 320 1972 passum
341 1880 457 1962 locant,
479 1877 565 1946 lo'ssa
587 1879 797 1947 circumdant:
824 1880 910 1947 lossa
933 1877 1026 1944 Cluili
1054 1878 1094 1946 ab
1121 1901 1176 1945 no

80 1986 175 2054 mine·
191 1984 279 2051 ducis
305 2007 364 2074 per
385 1983 506 2074 aliquot
525 1981 635 2050 secula
656 1980 814 2074 appellata
836 1993 894 2067 est,
921 1982 1025 2050 donec
1047 2006 1177 2050 eumue
1192 1993 1223 2048 15

80 2111 201 2158 nomen
223 2111 353 2180 quoque
374 2097 532 2155 vetustate
554 2087 702 2157 abolevit.
722 2088 756 2156 in
776 2085 827 2154 his
849 2086 957 2156 castris
977 2085 1110 2154 Cluilius
1124 2084 1177 2152 Al-
1289 2135 1293 2152 .

81 2196 185 2262 banus
213 2217 271 2286 qex
302 2193 448 2261 moritur:
475 2191 662 2260 dictatorem
694 2190 808 2259 Albani
841 2191 991 2260 Mettium
1016 2189 1178 2259 Fufetium

83 2309 202 2368 creant.
223 2297 349 2390 interim
363 2295 477 2363 tullus
492 2295 584 2363 ferox
601 2296 772 2387 praecipue
790 2308 894 2364 morte
908 2295 999 2388 regis,
1016 2319 1177 2388 magnum-

84 2429 148 2496 que
170 2403 304 2472 deorum
323 2423 443 2488 pumen
465 2399 597 2490 abipso
620 2402 723 2492 capite
745 2423 854 2469 orsum
881 2401 915 2468 in
942 2423 1038 2468 omne
1059 2423 1178 2469 nomen

85 2509 246 2580 Albanum
266 2503 479 2594 expetitunnn
506 2526 627 2595 poenas
655 2505 697 2572 ob
724 2505 846 2573 bellum
874 2505 997 2597 inpium
1023 2504 1225 2588 dictitarem

86 2621 182 2678 noo'te
207 2606 380 2699 praeteritio
407 2605 547 2673 hostium
571 2608 683 2675 'castris
710 2608 824 2678 infesto
853 2610 1047 2678 exercituin
1069 2628 1179 2699 agrum
1249 2681 1254 2688 ,

57 2701 61 2708 ¹
87 2715 245 2783 Albanum
271 2710 383 2802 pergit.
410 2705 448 2778 ea
473 2732 525 2776 res
555 2708 595 2775 ab
622 2711 741 2778 stativis
768 2714 884 2781 excivit
903 2713 1065 2780 Mettium:
1094 2713 1181 2778 ducit

73 2839 185 2908 ‘quam
197 2837 355 2906 proxume
378 2814 418 2882 ad
438 2813 567 2880 hostem
585 2823 703 2904 potcst.
724 2813 798 2882 inde
818 2815 959 2905 legatum
971 2815 1180 2906 praemissum
1242 2837 1245 2848 ·

88 2921 231 2989 nuntiare
252 2919 350 2990 Tullo
371 2911 468 3002 iubet,
490 2918 675 3010 priusquam
696 2918 860 3004 dimicent,
887 2941 979 3010 opus
991 2920 1061 2989 cs'sc
1084 2919 1179 2988 collo-
1220 2969 1227 2986 .

12 3037 17 3062 ²
91 3027 180 3117 quio·
202 3024 230 3092 si
250 3015 362 3094 s'ecum
382 3046 571 3112 congressus
592 3024 647 3106 sit,
668 3023 745 3092 satis
773 3025 854 3093 scire
881 3049 919 3092 ea
948 3046 994 3091 se
1009 3025 1225 3093 allaturumto
1321 3096 1326 3108 ⁸

91 3155 171 3222 quae
192 3128 291 3198 nihilo
312 3129 416 3196 minus
439 3130 478 3196 ad
500 3153 569 3196 rem
583 3129 768 3196 Romanam
767 3153 872 3220 quam
887 3125 928 3194 ad
941 3128 1097 3200 Albanam
1111 3153 1180 3226 pcr-

91 3223 218 3302 tineanl.
239 3233 325 3300 haud
347 3243 531 3323 aspernatus
552 3233 675 3317 'Pullum
701 3233 828 3300 tametsi
849 3257 929 3300 vana
952 3231 1206 3315 adferebantur,

92 3339 124 3404 in
145 3338 247 3407 aciem
268 3323 384 3404 educit.
407 3348 526 3406 exeunt
547 3349 656 3409 contra
678 3349 713 3406 et
732 3335 855 3406 Albani.
877 3347 1050 3427 postquam
1071 3333 1181 3400 structi
1281 3327 1296 3340 “
1328 3357 1332 3368 ·

94 3513 135 3571 ll.
152 3510 237 3570 milio
250 3529 389 3587 pascum:
412 3509 496 3570 llm.
521 3513 545 3570 1.
562 3511 602 3586 Ρ]
672 3511 716 3569 16.
734 3509 869 3568 Cluilius.
888 3539 922 3552 -
943 3505 981 3565 P:
998 3507 1125 3568 ciuilius.
1142 3505 1182 3566 ld:

151 3590 235 3655 millia
251 3615 388 3675 passuum.
734 3596 892 3653 cluiuilius

95 3717 129 3730 -
131 3685 243 3759 focco
255 3683 361 3742 Cluilia
379 3680 428 3756 ll]
445 3681 517 3740 loom
530 3682 605 3742 Clui·
674 3685 717 3743 17.
735 3683 867 3740 Mettium
885 3677 1053 3754 Fufetium:
1070 3679 1128 3744 Pol.

154 3765 429 3831 ln.-PHarl.1.:
454 3769 605 3843 foaaoct-
674 3773 718 3832 23.
728 3787 993 3852 quamproxume:
1001 3767 1045 3842 ll]
1059 3789 1184 3872 quapro·
1256 3787 1262 3792 ·

83 3925 88 3937 k
155 3857 216 3917 uili.
245 3847 304 3930 [cf.
326 3859 358 3929 1,
380 3859 424 3917 33.
449 3855 605 3934 Quiritium
735 3859 868 3915 ximc.—-
830 3853 921 3913 -ιΡ
942 3860 1177 3936 quamproxime.

32 3976 59 3998 .ι
156 3930 254 4016 ionem]
674 3945 718 4004 24.
736 3944 899 4020 colloquio:
923 3940 1012 4029 1¹².-
976 3941 1077 4006 -llz
1104 3942 1189 4000 collo·
1235 4016 1237 4021 ,

73 4030 140 4089 16.
156 4039 369 4090 vamm-
394 4027 445 4088 ΡΜ
476 4027 551 4102 Harl.
572 4048 604 4089 ι..
736 4031 808 4108 quia.
930 4031 933 4040 ⁴

155 4136 221 4184 cum
237 4125 376 4178 vetustate.
674 4111 718 4178 28.
735 4119 853 4176 structi:
863 4115 912 4175 ΡΜ
920 4111 994 4176 Harl.
1008 4117 1041 4188 ι.]
1055 4115 1185 4175 instructi.

101 4233 132 4247 ·-
149 4205 178 4260 in
196 4201 261 4276 luia.-
278 4199 333 4264 ΡΜ.
350 4203 414 4264 tte.-
431 4201 505 4264 Harl.
521 4223 539 4264 ι.
737 4201 789 4277 [cl.
807 4209 834 4274 9,
851 4205 895 4265 31.
913 4203 1035 4292 1361]
