2756 4720
505 333 647 414 „enan
665 335 711 396 ιν.
781 312 785 321 ’
1085 281 1172 392 'aaa

60 511 238 568 senserant
258 499 391 571 consilio
413 498 557 590 publico,
583 498 713 568 advenis
735 497 852 588 gratius
878 499 946 586 ¹luit
981 509 1057 591 post
1078 499 1172 568 ludos

60 603 238 671 contiones
260 605 428 673 seditiosae
449 603 648 685 tribunorum
669 603 722 694 ple
747 604 754 620 ‘
785 604 913 670 luemnt
940 603 1172 693 obiurgantium

42 707 316 792 multitudinem,
331 711 420 800 quod
435 708 641 778 admiratione
656 603 768 880 θοῷ
784 731 866 798 quos
883 706 1024 776 odissent
1039 718 1171 798 stupens

60 811 99 878 in
125 825 258 880 aeterno
280 836 316 882 se
338 814 407 903 ipsa
428 825 551 883 teneret
572 803 715 895 seruitio,
749 821 782 878 et
802 835 868 881 non
894 813 993 880 modo
1016 813 1055 878 ad
1078 823 1171 903 spern'

62 917 256 984 consulatus
277 915 310 983 in
331 929 455 1008 partem
476 917 689 987 revocandam
705 915 847 1008 aspirare
869 939 935 984 non
957 917 1088 984 auderet
1109 917 1195 990 sed5

60 1042 109 1086 ne
132 1019 168 1084 in
188 1019 321 1087 tribunis
344 1023 473 1112 quidem
495 1023 630 1090 militum
647 1022 797 1105 creandis,
819 1046 902 1114 quae
919 1020 1101 1098 communia
1123 1045 1171 1088 es·

62 1132 142 1190 sent
166 1121 293 1192 comitia
315 1137 441 1216 patrum
463 1150 501 1195 ae
529 1127 648 1220 plebis,
673 1126 730 1194 aut
756 1126 805 1192 sui
827 1137 883 1194 aut
910 1147 1041 1192 suorum
1061 1123 1171 1192 memi-

63 1226 180 1296 nisset.
219 1227 377 1299 desineret
399 1255 474 1322 ergo
497 1231 615 1316 mirari,
648 1253 704 1298 eur
726 1253 821 1298 nemo
845 1229 885 1298 de
907 1228 1083 1298 commodis
1105 1229 1170 1320 ple·

63 1329 116 1400 bis
141 1343 277 1422 agerem-
298 1357 337 1402 eo
359 1335 489 1426 inpendi
510 1337 654 1405 laborem
676 1359 715 1402 ae
742 1322 919 1425 perieulum
943 1334 1028 1402 unde
1050 1333 1171 1402 emolu-

61 1447 213 1513 mentum
241 1449 337 1529 atque
364 1438 469 1509 honos
498 1452 658 1532 speremr:
683 1439 769 1504 nihil
795 1464 860 1508 non
888 1439 1091 1546 adgressuros
1113 1437 1217 1536 lto-1⁰

63 1540 170 1607 mines
197 1541 227 1610 si
255 1565 369 1632 magna
399 1545 519 1612 conatis
547 1567 661 1633 magua
693 1542 833 1634 praemia
866 1554 1100 1632 proponantur:
1133 1553 1171 1610 ut

65 1644 200 1732 quidem
222 1645 334 1734 aliquis
355 1643 499 1714 tribunus
521 1648 624 1738 plebis
646 1659 717 1714 ruat
738 1667 853 1714 caecus
874 1645 908 1712 in
923 1646 1095 1712 certamina
1117 1669 1171 1735 pe-

64 1747 169 1815 riculo
191 1748 311 1838 ingenti
332 1750 439 1818 fructu
459 1751 563 1835 nullo,
585 1775 628 1818 ex
649 1750 768 1840 quibus¹
787 1774 845 1841 pro
869 1760 957 1816 certo
979 1748 1096 1816 habeat
1110 1773 1171 1838 pa·
1205 1739 1207 1746 ¹

65 1861 133 1919 tres
156 1845 307 1920 adversus
330 1879 413 1946 quos
434 1857 580 1924 tenderet
602 1854 688 1923 bello
717 1853 899 1945 inexpiabili
926 1875 962 1920 se
989 1863 1170 1942 persecutu-

33 1974 39 1994 ·
65 1979 131 2041 roa,
155 1968 233 2049 aput
253 1955 384 2054 plebem
406 1984 465 2051 pro
488 1984 552 2051 qua
580 1957 775 2060 dimicarent
801 1955 900 2026 nihilo
928 1981 964 2026 se
990 1955 1217 2030 honoratio-15
1277 2042 1279 2050 Ι

99 2239 101 2244 ,
128 2136 301 2238 scribendum
336 2188 469 2256 putarent.
489 2200 494 2208 ¹
511 2181 584 2240 eires

131 2265 214 2339 igitur
224 2264 340 2326 Romani
357 2268 394 2324 ad
410 2267 483 2326 illam
501 2270 583 2326 eomi-

126 2359 210 2408 tatem
236 2354 311 2422 (scil.
337 2355 492 2426 colendam)
520 2375 582 2412 eon·
619 2369 621 2374 ’

27 2451 31 2458 ’
129 2449 269 2494 senserant
289 2441 399 2517 publico
420 2444 501 2498 etiam
519 2461 582 2498 eon·

128 2521 191 2578 silio
208 2528 334 2600 permoti,
352 2534 383 2583 ut
394 2530 420 2593 9,
432 2531 458 2586 7.
469 2526 582 2601 legimus

130 2611 211 2678 „aine
229 2610 282 2668 ulla
299 2611 406 2689 publica
423 2616 583 2672 auctoritate

75 2689 77 2694 ’
130 2715 289 2756 eonsensum
307 2701 454 2756 inomnem
468 2701 583 2758 lormam

129 2780 217 2876 luetup
236 2791 325 2845 ease“.
351 2789 473 2858 (l‚‚26.:
494 2786 582 2856 „eon

128 2891 222 2930 sensas
253 2873 411 2951 amplissimi
443 2873 547 2932 ordinis
555 2879 582 2934 “.

130 2958 180 3031 al.)
198 2959 305 3034 [Simili
322 2981 414 3019 errore
431 2964 535 3031 30,10.
553 2963 583 3019 in
604 2993 609 3000 ¹

56 3105 58 3110 ,
129 3045 189 3106 Pet.
207 3051 294 3126 „quis
306 3050 441 3106 imitatura
460 3053 583 3120 esseut“‚

128 3134 157 3188 in
175 3133 268 3194 Bamb.
292 3139 361 3213 „qui
378 3140 402 3194 si
419 3147 522 3195 matura
540 3155 581 3194 es·

129 3226 223 3275 sent“=
249 3238 309 3280 eom
326 3223 498 3281 scribendum
515 3223 581 3281 fuir-

93 3320 101 3340 ⁴
129 3312 171 3361 set
188 3309 258 3384 „qui
275 3311 300 3365 si
318 3319 494 3368 maturassent
503 3312 545 3384 “.]

88 3425 112 3485 1.
129 3425 256 3484 aduenio
262 3432 381 3508 gratius
393 3430 486 3503 osuit.-
499 3428 534 3489 ll.
546 3461 583 3477 -

129 3512 165 3570 P:
185 3511 279 3574 adluit.
296 3509 335 3560 -’
349 3515 410 3573 Pll:
426 3526 490 3595 post
502 3516 582 3575 ludos

129 3601 269 3658 condones
294 3601 438 3661 seditiosae
461 3605 581 3661 tribuno-

129 3705 188 3744 rum
205 3686 279 3763 plebi
297 3689 413 3750 luerunt.

88 3796 113 3854 8.
130 3815 205 3874 quoa
217 3799 368 3859 odissent.-
384 3799 433 3860 PM
445 3799 494 3876 al]
511 3821 580 3880 quos

57 3960 63 3969 Ι
130 3882 239 3943 odisset.

89 3995 113 4054 l.
129 4002 158 4052 et
174 4013 235 4050 non
251 3997 344 4081 modo¹
358 3998 403 4058 ad
412 4019 494 4076 apem
512 4017 579 4056 con·

128 4081 245 4139 aulana
262 4085 294 4139 in
309 4095 424 4160 panem
439 4104 579 4142 reuocan-

128 4165 196 4226 dam
209 4166 293 4244 (Pru.
307 4174 348 4231 t:
360 4170 579 4254 reuoeaptemdil
671 4235 680 4250 ,

482 4329 498 4366 ἱ

714 2181 855 2256 aspirare
872 2197 933 2246 non
950 2177 1091 2237 auderet.-
1112 2175 1170 2236 ΡΜ.

718 2267 762 2328 cf.
783 2269 816 2337 cl,
839 2270 880 2336 3,st
907 2285 985 2335 „nou
1006 2265 1088 2323 modo
1109 2283 1170 2321 non

715 2355 859 2434 patricium
876 2351 926 2410 sed
949 2373 983 2409 ne
1006 2355 1092 2410 aivam
1110 2353 1169 2430 qui·

716 2441 778 2497 dem
788 2440 958 2498 romanum“.
968 2443 1013 2508 35,
1023 2441 1170 2508 lfi.:,‚nam

716 2529 785 2603 lpsls
807 2535 909 2584 certum
932 2545 992 2582 esse
1014 2545 1069 2583 uon
1086 2525 1168 2582 modo

717 2632 778 2670 non
806 2614 927 2688 recipere
951 2613 1092 2672 moenibus
1120 2611 1174 2688 aed

715 2718 750 2754 ne
758 2699 914 2756 societatem
924 2698 1033 2776 quidem
1041 2699 1170 2777 pacisci‘.

716 2785 747 2852 6,
770 2785 826 2844 20.:
853 2805 932 2854 „nou
957 2784 1039 2844 modo
1063 2795 1170 2863 patrum

717 2889 894 2954 quemqupm
915 2871 964 2930 aad
987 2893 1021 2929 ne
1040 2881 1169 2948 cognatos

714 2955 853 3034 quidem“.
873 2958 906 3020 al.

669 3045 698 3103 8.
718 3043 883 3104 desinmt:
901 3044 924 3103 P
941 3066 977 3108 m.
996 3045 1076 3108 Ml.
1093 3078 1128 3090 -
1146 3043 1169 3102 P

712 3134 800 3192 m.1..·
819 3133 978 3210 designaret.
991 3164 1026 3175 -
1043 3132 1113 3196 Pm.
1127 3138 1168 3192 1.=
1199 3139 1200 3147 ’

713 3219 785 3277 unde
809 3220 1031 3280 emolumentum
1066 3240 1102 3278 m.
1129 3222 1168 3278 t:
1241 3219 1242 3222 ’
1345 3249 1349 3258 »

702 3306 945 3388 ρεωοΙιιωειιιιιω.
963 3337 998 3350 -
1021 3304 1063 3364 tl:
1081 3306 1169 3364 honos

712 3411 810 3468 apeme
824 3394 830 3464 Ι
845 3403 897 3452 tur.

652 3477 697 3538 11.
714 3487 748 3535 ut
769 3479 889 3552 quidem
911 3477 1024 3552 aliquia
1049 3485 1087 3536 tr.
1108 3477 1168 3554 pl:

711 3562 741 3622 Ρ.
760 3560 855 3632 „Dosa
866 3563 931 3621 aber
944 3563 1040 3639 irgend
1052 3566 1096 3622 ein
1108 3563 1167 3622 Tri-

710 3649 767 3707 bun
789 3649 848 3706 riola
869 3649 1015 3728 blindlings
1037 3653 1066 3708 in
1093 3650 1168 3710 diese

714 3736 849 3796 Geiahren
876 3745 967 3796 atdrza
985 3745 1024 3780 -“
1041 3739 1083 3794 sei
1111 3757 1168 3796 we·

712 3825 838 3902 nigstens,
850 3825 926 3885 nieht
945 3845 978 3882 zu
989 3823 1167 3902 verlangen⁴‘.

684 3928 688 3938 '
713 3943 748 3954 -
769 3911 812 3972 ll:
840 3923 870 3970 ut
890 3912 1000 3990 quidam
1018 3909 1115 3987 aliquia
1133 3921 1167 3970 tr.

712 3997 750 4078 pl.
767 4008 828 4056 ruat
851 4007 943 4056 coetus
961 4001 991 4055 in
1013 4000 1166 4059 ceramina.

711 4115 746 4126 -
774 4084 815 4144 ld:
843 4093 1005 4166 peecaturos
1035 4093 1080 4144 aut
1108 4085 1165 4164 pla·
