2838 4822
506 258 783 388 'cumr'
1059 380 1062 389 ‚
1154 299 1217 366 11.

85 476 154 556 sed
176 457 245 544 aliis
266 473 329 542 alio
351 471 464 556 itinere
484 469 578 540 iussis
599 478 687 540 certo
709 475 856 562 tempore
883 470 924 537 ad
945 469 1064 561 regiam
1085 471 1194 542 verrire

84 580 277 673 pastoribus
304 580 346 646 ad
370 601 480 668 regem
507 577 663 668 impetum
691 573 782 658 lacit,
804 584 838 642 et
858 598 877 640 a
899 573 996 644 domo
1017 575 1194 646 Numitoris

85 686 155 756 alia
180 693 364 776 comparata
385 705 482 751 uranu
504 682 632 750 adiuvat
652 679 783 748 Remus.
804 678 849 745 ita
870 687 979 770 regem
993 681 1192 752 obtruncant.
1272 666 1275 682 ⁵

180 790 237 860 Vl.
264 787 414 858 Numitor
438 788 522 856 inter
549 785 689 878 primum
715 783 889 854 bunultarm
916 779 1018 852 hostis
1039 786 1193 856 invasisse
1274 818 1277 827 ·

83 894 209 962 urbem
230 905 326 986 ablue
348 891 476 962 adortos
496 891 617 981 regiam
631 888 786 972 dictitans,
806 913 882 956 cum
901 887 1022 981 pubem
1034 889 1223 966 Albanama
1346 897 1350 910 '

84 999 123 1066 in
152 1023 262 1069 arcem
287 996 445 1090 praesidio
473 996 634 1088 annusque
661 991 867 1062 obtinendam
894 1007 1074 1080 avocasset,
1107 1008 1193 1087 post-

84 1127 193 1193 quam
212 1103 345 1170 iuvenes
372 1111 554 1205 perpetuata
580 1099 681 1170 caede
708 1113 841 1190 pergere
869 1099 910 1168 ad
937 1123 974 1168 se
1000 1101 1194 1191 grandantes

84 1207 187 1293 vidit,
200 1207 365 1297 extemplo
387 1205 544 1275 advocato
574 1199 842 1286 macilio'scelus
869 1203 903 1272 in
930 1227 966 1274 se
988 1205 1109 1309 fratris,
1134 1206 1194 1273 ori-

85 1311 199 1402 ginem
220 1322 385 1408 nepotum,
405 1321 443 1380 ut
463 1309 560 1410 geniti
581 1321 619 1378 ut
640 1308 765 1377 educati
786 1320 824 1378 ut
845 1309 962 1400 cogniti
984 1321 1100 1394 essent,
1126 1333 1193 1380 cae

83 1416 167 1492 dem
188 1416 340 1506 deinceps
347 1414 488 1508 tyranni
515 1436 616 1505 seque
642 1412 713 1482 eius
740 1425 905 1483 auctorem
933 1413 1080 1483 ostendit.
1108 1415 1243 1490 inve-10
1292 1419 1293 1428 ’

84 1542 149 1588 nes
171 1543 230 1612 per
250 1520 391 1588 mediam
413 1518 598 1588 contionem
620 1517 900 1610 agmineingressi
927 1542 1004 1588 cum
1030 1543 1127 1587 avum
1148 1544 1195 1608 re3

86 1649 165 1715 gem
186 1626 387 1709 salutassent,
408 1635 519 1702 secuta
541 1613 685 1692 exomni
699 1623 900 1700 multitudine
915 1624 1116 1700 consentiens
1130 1649 1195 1693 vox

86 1739 197 1796 ratum
223 1751 344 1798 nomen
370 1727 606 1816 imperiumque
632 1726 700 1814 regi
730 1727 837 1794 efficit
880 1727 928 1792 lta
954 1727 1116 1796 Numitori
1141 1721 1194 1796 Al·
1249 1803 1252 1814 ,

88 1833 174 1900 bana
196 1855 232 1918 re
252 1830 408 1923 permissa
429 1816 605 1898 Ronurluna
619 1829 821 1920 Remumque
843 1827 961 1919 cupido
983 1832 1069 1921 cepit
1090 1831 1124 1898 in
1144 1831 1195 1900 his
1284 1909 1288 1918 ¹

10 1943 11 1962 ¹
87 1937 180 2020 locis,
201 1935 257 2006 ubi
279 1933 416 2025 expositi
439 1931 558 2023 ubique
580 1932 706 2001 educmi
728 1944 826 2016 erant,
847 1932 935 2000 urbis
951 1934 1146 2003 condendae.
1163 1947 1196 2002 et
1208 1952 1242 2014 15
1305 1929 1313 2016 f

10 2037 12 2042 ’
88 2050 257 2131 supererat
275 2036 669 2120 multitudoAlbanorum
682 2035 951 2128 Latinorumque:
972 2038 1014 2105 ad
1034 2039 1067 2106 id
1089 2037 1193 2131 pasto-

31 2207 33 2214 ,
88 2169 141 2214 res
167 2168 298 2237 quoque
326 2150 541 2225 accesserant,
569 2138 626 2232 qui
658 2154 771 2230 onmes
803 2141 897 2210 facile
924 2165 1017 2233 spem
1044 2143 1195 2226 lacerent,

89 2272 222 2341 parvam
241 2245 368 2334 Albam,
389 2269 526 2340 parvum
546 2243 715 2316 Latinium
735 2269 813 2336 prae
839 2270 879 2316 ea
900 2248 993 2316 tube·
1009 2273 1092 2340 quae
1119 2273 1193 2332 con·

9 2433 11 2448 .
90 2354 217 2423 deretur
238 2354 317 2424 lore.
339 2351 509 2424 intervenit
529 2350 642 2418 deinde
664 2349 715 2418 his
735 2350 978 2442 cogitationibus
994 2352 1115 2422 avitum
1128 2378 1194 2422 rua-

90 2458 160 2526 lum
180 2459 270 2550 regni
291 2452 419 2548 cupido,
446 2467 544 2547 atque
564 2455 638 2524 inde
660 2454 793 2543 foedum
815 2467 978 2526 certamen
1006 2469 1194 2546 coortuma
1206 2478 1243 2534 oo

51 2638 53 2646 ,
91 2561 167 2632 satis
189 2563 259 2640 miti
278 2561 445 2651 principio.
467 2559 621 2652 quoniam
642 2559 761 2649 gemini
783 2573 891 2631 esseut
918 2586 980 2630 nec
1001 2564 1113 2632 aetatis
1141 2590 1193 2634 ve·
1317 2618 1321 2628 .

92 2663 240 2736 recundia
262 2665 432 2734 commen
453 2664 558 2745 lacere
579 2674 704 2754 posset,
720 2675 761 2732 ut
782 2665 834 2750 dii,
855 2690 994 2756 quorum
1014 2669 1133 2736 tutelae
1156 2693 1194 2736 ea
1221 2699 1222 2706 ¹

92 2772 162 2842 loca
184 2782 301 2854 esseut,
330 2768 467 2862 auguriis
488 2768 631 2858 legerent
658 2767 715 2858 qui
736 2791 856 2852 immeo
877 2795 981 2839 novae
1002 2772 1074 2840 urbi
1096 2773 1195 2856 daret,

80 2875 147 2973 qui
174 2875 335 2972 conditam
361 2873 496 2966 imperio
524 2861 664 2964 regeret,
691 2871 851 2942 Palatium
875 2875 1048 2961 Romulus,
1073 2877 1194 2946 Remus

94 2980 285 3050 Aventinum
307 2981 348 3048 ad
368 2978 622 3072 inaugurandum
639 2977 763 3069 ¹templa
786 2977 928 3071 ‘capiunt
1165 3045 1168 3056 ,
1206 3000 1242 3056 25

180 3087 249 3154 Vll.
270 3085 372 3156 Priori
392 3083 499 3166 Remo
518 3081 685 3174 augruium
706 3083 836 3154 venisse*
855 3084 955 3154 fertur
967 3110 1026 3154 sex
1042 3086 1195 3172 vultures,

96 3191 221 3284 iamque
237 3189 386 3266 nuntiato
409 3189 638 3281 auguriocum
659 3187 780 3280 duplex
794 3213 947 3260 numerus
960 3191 1100 3262 Romulo
1122 3215 1194 3261 sese

21 3293 22 3298 ’
97 3297 292 3378 ostendisset,
313 3305 487 3387 utrumque
507 3317 618 3386 ¹regem
644 3315 702 3360 sua
729 3294 900 3366 multitado
929 3295 1192 3364 consalutaverat.
1289 3293 1294 3321 “

98 3411 238 3489 tempore
258 3398 305 3466 illi
325 3411 513 3495 praecepto,
539 3397 628 3468 athi
650 3393 786 3468 numero
808 3399 916 3474 avium
936 3423 1071 3490 regnum
1092 3399 1193 3468 nahe-

116 3559 140 3618 1.
156 3557 252 3616 hostia
269 3557 419 3614 invasione
430 3559 543 3615 urbemr
561 3555 606 3631 ll]
678 3558 722 3616 13.
740 3555 850 3632 efficit:
868 3553 919 3613 Pu
929 3557 942 3628 ]
961 3553 1059 3618 effecit.

52 3676 55 3684 ·
156 3646 248 3703 bootes
265 3645 399 3704 intirim
416 3644 518 3704 arbem.
680 3673 713 3687 -·
740 3643 861 3701 Altam
883 3663 918 3702 re
938 3646 1102 3722 permissu:
1121 3643 1193 3718 Pul]

85 3731 87 3736 ’
116 3737 141 3792 8.
156 3732 608 3806 acclusinsesrntrr'arlIJsce·
665 3800 670 3809 .
740 3727 843 3786 Albana
861 3733 991 3808 permissa
1010 3753 1048 3797 ra,

105 3809 112 3826 ¹
157 3819 212 3878 leta
229 3823 259 3877 iu
275 3840 307 3877 se
323 3819 425 3879 fratris.
664 3819 724 3877 lid.
742 3817 833 3876 indis
844 3819 933 3876 locis:
946 3819 1016 3892 Pll]
1029 3822 1058 3876 in
1070 3821 1105 3877 its
1117 3820 1194 3879 locis.

119 3911 142 3968 9.
158 3896 279 3966 caedem
308 3909 452 3984 deinceps·
473 3910 610 3988 wenni.-
680 3907 725 3965 21.
743 3907 884 3984 quoniam
898 3901 1011 3988 gaemr'm'
1026 3917 1135 3967 errant.
1159 3941 1193 3952 -

160 3993 180 4052 P
203 3993 278 4056 llarl.
301 3998 349 4069 1.]
377 3995 486 4055 caedem
512 3995 611 4052 deiude
748 3993 795 4074 sphi
811 3995 910 4078 gemini
928 4003 1033 4052 assent:
1050 3993 1107 4054 Pb.

160 4083 274 4159 tyranni.
299 4082 365 4154 [nr
391 4084 440 4142 sed
465 4105 504 4160 ps
528 4098 610 4163 supra
682 4087 726 4144 27.
743 4101 811 4141 aeae
829 4081 1023 4144 ostendimur
1040 4081 1091 4158 ll]
1108 4105 1139 4142 sa
1151 4105 1194 4142 os·

158 4171 270 4234 deinde
287 4191 323 4230 m.
339 4174 364 4232 1.
381 4171 528 4246 additam]
576 4191 578 4196 ·
744 4171 883 4230 tendisset.
