2860 4736
243 283 285 353 71
389 275 392 282 ⁴
711 295 863 402 ΜΒΜΗ.

243 483 306 550 que
327 457 438 526 'lurno
460 469 600 528 catenae.
622 467 656 528 et
676 458 844 528 coelestim
859 458 1050 530 'latinorum
1077 455 1247 528 concilium
1268 481 1343 530 ma-

241 587 304 652 gno
327 585 401 630 curn
421 562 561 630 tumultu
582 562 765 632 advocatur.
788 562 831 630 ibi
855 575 920 634 tam
941 574 1033 636 atrox
1054 562 1169 632 invidia
1192 573 1262 632 orta
1284 575 1345 632 est

242 665 351 756 gladiis
372 666 406 734 in
425 667 532 736 medio
554 666 680 757 positis,
701 677 738 734 ut
757 666 872 736 indicta
901 691 996 738 causa
1022 691 1109 738 novo
1136 691 1251 758 genere
1278 668 1342 736 leti

176 809 180 833 ι
242 769 382 838 deiectos
410 771 450 840 orl
478 781 575 861 caput
603 793 705 860 aquae
732 769 917 840 Ferentinae
945 783 1030 841 crate
1056 795 1193 864 superne
1220 772 1339 842 iniectu

212 873 387 964 ssanisque
409 873 567 965 congestis
588 885 793 964 mergeretur.

327 975 392 1047 LII.
422 977 591 1048 Revocetis
614 979 727 1051 deinde
749 980 791 1048 ad
812 979 983 1048 concilium
1002 979 1120 1050 lntinis
1141 979 1337 1071 Tarquinium

239 1082 498 1174 conlaudatisque
532 1081 587 1174 qui
617 1083 763 1156 'Pontum
796 1096 968 1154 novantem
1001 1085 1059 1154 res'
1079 1108 1138 1176 pro
1164 1085 1334 1154 manifesto

239 1186 404 1277 parricidio
426 1187 539 1256 merita
562 1209 665 1278 poena
694 1187 897 1274 adiecissent,
925 1189 969 1258 ita
996 1189 1092 1258 verba
1119 1187 1208 1262 lecitz
1235 1211 1338 1280 posse

184 1289 187 1296 '
239 1280 369 1381 ¹quidem
390 1314 426 1360 se
447 1302 574 1360 vetusto
596 1291 664 1360 iure
686 1315 788 1384 agere,
811 1295 901 1386 quod
927 1317 1136 1364 comumnes
1162 1291 1265 1360 [atini
1291 1291 1335 1360 at

107 1444 113 1466 s
195 1413 229 1471 ιο
241 1395 322 1464 Alba
344 1394 467 1464 oriundi
488 1395 613 1479 sintin
635 1419 674 1466 co
697 1395 827 1465 foedere
848 1409 1015 1468 teneantur
1036 1421 1102 1488 quo
1115 1398 1155 1466 ab
1167 1396 1264 1478 'huto
1279 1419 1335 1466 res

239 1500 341 1568 omnis
363 1499 486 1568 Albana
508 1524 582 1570 curn
604 1499 726 1570 colonis
746 1500 811 1570 suis
832 1501 866 1570 in
886 1501 1066 1570 Romanum
1087 1501 1217 1572 cesserit
1233 1502 1333 1592 impc-

236 1604 330 1672 n'urn.
350 1615 492 1674 ceterum
512 1627 548 1672 se
569 1603 712 1674 utilitatis
732 1603 766 1672 id
786 1605 886 1696 ungis
908 1607 1051 1677 omnitun
1079 1629 1175 1674 causa
1200 1611 1333 1674 censere

236 1719 274 1778 ut
293 1721 464 1783 renovetur
489 1708 522 1778 id
548 1708 671 1792 foedus,
698 1709 902 1800 secundaque
931 1711 1039 1802 potius
1066 1710 1193 1780 torona
1220 1710 1352 1802 populi·

236 1812 371 1882 Romani
390 1826 429 1883 ut
449 1814 618 1906 participes
638 1812 741 1882 Latini
762 1813 914 1898 fruuntur,
943 1837 1041 1906 qnam
1061 1814 1187 1882 urbium
1209 1814 1332 1885 excidia

192 1933 226 1990 15
237 1919 493 2009 vastationesque
516 1941 672 2007 agrorum,
700 1939 781 2006 quas
802 1915 893 1986 Anco
915 1918 1002 2008 prius
1023 1929 1113 2010 patre
1135 1911 1330 1988 deindc'ffio

121 2095 123 2100 ,
236 2033 386 2112 regnante
409 2017 553 2112 perpessi
573 2020 651 2102 sint,
672 2042 800 2108 semper
821 2031 876 2088 aut
896 2034 1066 2112 expectent
1087 2035 1143 2094 ant
1162 2025 1331 2116 patiantur.

234 2125 313 2193 lraut
334 2125 501 2194 difficulter
521 2145 710 2215 persuasum
730 2121 858 2208 Latinis,
880 2149 1077 2218 quamquem
1097 2127 1130 2196 in
1145 2151 1185 2196 eo
1199 2128 1330 2199 loedere

122 2309 126 2316 „
234 2230 377 2324 superior
397 2230 541 2298 Romana
562 2252 614 2298 res
636 2239 713 2296 erat.
735 2239 878 2298 ceterum
894 2241 927 2298 et
948 2231 1050 2322 capita
1070 2232 1206 2330 nontinis
1226 2231 1331 2302 latini

233 2345 316 2402 stare
339 2359 377 2404 ac
398 2334 513 2406 sentire
536 2357 609 2404 curu
630 2355 705 2422 rege
727 2330 892 2419 videbant,
921 2345 955 2404 et
980 2335 1107 2406 Turnus
1134 2338 1185 2406 sui
1212 2338 1329 2428 ornique

188 2437 365 2529 unpericnli
385 2439 413 2506 si
434 2439 617 2508 adversatus
638 2448 724 2504 esset
744 2461 857 2512 recens
878 2451 947 2508 erat
960 2440 1197 2510 docrunentum.
1218 2441 1262 2510 ita
1280 2465 1329 2512 re·

62 2563 64 2572 ’
144 2567 150 2571 ·
232 2555 387 2612 novatum
413 2544 527 2614 foedus
553 2543 771 2634 indictrunque
802 2543 976 2612 iunioribus
1013 2543 1198 2615 Lutinonun
1224 2557 1261 2616 ut
1285 2557 1329 2615 ex

232 2647 362 2730 {oedem
385 2649 437 2721 die
459 2659 544 2716 certa
567 2648 607 2717 ud
626 2647 736 2716 lucum
752 2646 939 2716 Ferentinae
954 2649 1065 2718 annali
1078 2649 1260 2740 frequentes
1275 2652 1327 2720 ad·
1417 2655 1418 2658 ’

233 2764 354 2832 essent.¹
379 2754 434 2845 qui
461 2753 517 2822 ubi
543 2755 583 2823 ad
611 2754 751 2822 edictum
777 2751 914 2822 Romani
934 2753 1017 2843 regis
1040 2775 1082 2822 cx
1103 2754 1250 2831 omuibus
1270 2747 1327 2846 pol

140 2893 142 2900 ¹
231 2858 313 2946 pulis
336 2879 523 2943 convenere,
543 2861 587 2927 ne'
607 2859 724 2926 dneern
748 2879 948 2928 somnusve
975 2869 1134 2926 secretum
1159 2859 1327 2951 imperium
1388 2889 1391 2898 ⁴

98 2995 101 3000 v
186 2961 398 3050 appropriave
420 2963 508 3052 signa
529 2962 692 3042 haberent,
712 2959 838 3026 miscuit
857 2958 1039 3050 manipulos
1061 2985 1103 3028 ex
1124 2961 1241 3030 Latinis
1262 2965 1324 3032 Ro·

232 3063 406 3154 manisque,
427 3077 464 3132 ut
485 3089 527 3132 ex
547 3065 574 3130 is
594 3064 676 3130 hirris
698 3062 838 3152 singulos
865 3062 985 3132 laceret
1010 3065 1166 3159 binosque
1195 3092 1236 3136 ex
1263 3067 1324 3155 sin

231 3167 322 3258 gulis.
342 3169 386 3238 ita
407 3167 572 3258 geminatis
593 3167 761 3258 manipulis
783 3166 984 3237 centuriones
1005 3170 1152 3261 inposuit.
1264 3197 1266 3202 ’

178 3303 180 3307 ·
248 3291 274 3348 2.
291 3293 434 3349 tumultu:
452 3290 475 3348 P
492 3311 527 3352 m.
539 3293 565 3348 2.
583 3289 619 3349 Μ.
637 3291 743 3346 tumul·
870 3293 1004 3366 portius:
1022 3292 1070 3349 ΡΜ
1087 3314 1123 3354 m.
1144 3298 1167 3354 1.

246 3380 253 3397 ’
291 3389 338 3445 to.-
356 3379 378 3436 P
395 3401 431 3440 m.
450 3383 475 3438 1.
749 3385 750 3390 ’
813 3377 856 3434 16.
870 3381 1008 3453 perperci
1039 3379 1116 3439 sinti
1149 3382 1198 3440 ΡΜ
1233 3403 1268 3442 nr.
1295 3387 1321 3442 2.

211 3453 220 3468 '
249 3469 275 3525 a.
293 3467 432 3527 detectus.
449 3495 485 3510 --
496 3465 525 3524 21²
542 3483 577 3523 m.
591 3468 615 3524 r.
632 3445 742 3521 tls-ut·
868 3467 1064 3540 menesteus
1081 3487 1116 3531 m.
1136 3474 1160 3531 1.

290 3556 391 3613 lectus.
521 3623 523 3628 .
668 3579 671 3584 ·
813 3551 855 3609 19.
873 3551 1028 3611 uidebant:
1045 3555 1101 3615 ΡΜ.
1135 3571 1139 3590 ¹

229 3671 264 3681 -
290 3649 380 3699 crate.
396 3671 430 3683 ·—
448 3641 523 3700 P'rn.
542 3643 567 3700 1.
584 3639 626 3697 Μτ
642 3648 737 3716 grate.
812 3666 846 3682 -
873 3648 903 3696 et
923 3642 1061 3699 Turnus?
1080 3641 1111 3698 P.
1134 3670 1169 3684 -
1185 3640 1263 3696 turn’
1280 3651 1322 3699 est

245 3729 273 3784 7.
289 3727 523 3804 conlaudatisq..·
534 3725 739 3787 ttaontautao
871 3727 900 3784 in
917 3727 944 3784 Μ
962 3729 1068 3784 demum
1086 3747 1121 3786 m.
1139 3730 1165 3783 2.
1184 3725 1311 3788 additam.

289 3815 366 3890 tlsq'.‘:
384 3812 406 3868 P
424 3815 503 3870 ursi.
651 3805 653 3810 ’
809 3816 852 3874 20.
870 3815 1090 3871 documentum:
1113 3810 1149 3872 Μ.
1179 3810 1318 3876 (Ιοοοιῐιῐῖιε

230 3905 272 3961 10.
290 3903 372 3958 ineo
384 3899 530 3972 foedere:
548 3899 606 3958 ΡΜ.
869 3901 892 3957 Ρ
909 3920 944 3958 m.
964 3903 988 3956 1.
1010 3929 1012 3936 v

228 4020 261 4032 —-
290 4009 348 4066 quo
366 3990 404 4045 ab
425 3988 520 4050 Tullo.
536 4010 570 4029 *-
583 3985 646 4044 Plll:
665 3985 737 4064 quod
808 3992 851 4048 23.
869 3989 919 4044 orl*
934 3980 1075 4044 edurum
1098 3987 1147 4046 ΡΜ
1169 4009 1206 4050 m.
1227 3993 1252 4050 Μ.
1275 3992 1320 4048 orl

174 4125 178 4132 ,
287 4077 320 4131 ab
339 4086 358 4135 t.
579 4095 581 4103 ⁴
867 4075 995 4132 dutum:
1012 4074 1038 4157 Μ
1056 4095 1092 4136 m.
1109 4079 1135 4136 1.
1176 4097 1178 4102 ·

229 4166 269 4221 tt.
285 4165 399 4237 potius:
417 4161 440 4220 Ρ
462 4163 492 4219 io
510 4169 591 4238 marg.
612 4160 639 4218 Μ
657 4179 692 4218 m.
709 4161 735 4218 2.
806 4163 849 4221 16.
868 4161 1316 4238 conuenientius-turbinis.
1413 4224 1414 4233 ,
