2836 4720
227 321 291 388 un
396 303 399 316 '
642 273 667 312 ⁶*
688 331 858 395 onnam.

202 475 207 495 ⁵
228 497 324 564 finem
346 494 463 564 iusu'tiu·
486 494 573 594 quod
595 491 803 585 quadriduum
827 483 886 562 fuit
912 493 1029 564 reditus
1051 492 1159 580 Quinti
1182 497 1323 565 consulis

228 602 261 668 in
282 601 393 670 urbem
413 598 498 668 feeit.
535 621 647 670 census
670 599 783 668 deinde
807 612 894 668 aetus
917 611 949 667 et
971 599 1134 668 eonditum
1161 601 1201 688 ab
1224 602 1324 688 Quin-

229 705 273 774 tio
302 706 445 779 lustrum.
486 728 581 772 censa
608 703 724 771 civium
751 706 854 796 capitu
882 716 1010 774 eentum
1047 715 1196 796 quattuor
1224 706 1325 774 millia

216 808 268 878 'ae
294 831 373 877 cxuu
400 811 545 903 dicuntur
573 819 705 900 praeter·
724 810 820 878 orbos
847 810 1014 901 orbusque.
1050 810 1083 874 in
1104 808 1224 900 Aequis
1246 811 1326 878 nihil
1402 815 1408 823 '

202 914 342 982 tdeinde
364 914 569 982 memorabile
599 923 714 982 aetum.
751 914 784 980 in
812 915 931 1006 oppida
954 939 1010 980 sua
1036 938 1072 980 re
1098 938 1249 1005 recepere
1275 915 1325 984 uri

123 1045 127 1052 ·
232 1042 289 1084 sua
311 1018 520 1109 popularique
541 1017 637 1110 passi.
675 1019 788 1086 consul
810 1045 884 1087 eum
906 1020 1092 1110 aliquotiens
1113 1043 1171 1110 per
1194 1045 1325 1088 omnem

231 1121 373 1190 hostium
395 1147 506 1212 ugrum
527 1122 641 1189 infesto
664 1123 787 1212 agmine
804 1124 1054 1215 ⁴populabundus
1076 1123 1162 1206 isset,
1185 1148 1260 1192 eum
1281 1125 1324 1192 in-

229 1226 314 1316 genti
335 1226 429 1292 laude
451 1227 631 1318 praedaque
653 1227 790 1297 Romam
812 1229 911 1298 rediit.
1175 1268 1180 1272 ·

317 1329 372 1397 lv.
418 1329 573 1398 Consules
595 1332 668 1399 inde
690 1330 728 1400 A.
743 1333 924 1402 Postumius
946 1331 1046 1400 Albus
1067 1331 1123 1423 Sp.
1138 1332 1252 1401 Furius
1265 1333 1325 1400 Fu·

184 1443 295 1500 iosus.
329 1433 441 1501 Furios
462 1434 574 1502 Fusios
596 1439 749 1530 scripsere
772 1438 911 1529 quidam.
947 1438 979 1505 id
1002 1438 1169 1522 admoneo,
1190 1438 1326 1528 nequis

232 1536 474 1606 inmutationem
496 1527 637 1608 tironum
657 1544 800 1634 ipsorum
822 1537 892 1611 esse
915 1568 997 1635 quae
1011 1541 1177 1634 nominum
1200 1553 1250 1610 est
1270 1566 1327 1632 pu-

229 1651 285 1708 tet.
308 1641 394 1708 haud
417 1643 547 1710 dubium
572 1659 639 1713 erat
661 1633 737 1738 quin
752 1673 826 1717 eum
840 1648 959 1740 Aequis
983 1647 1062 1714 alter
1078 1646 1246 1714 consulum
1261 1646 1327 1712 bel-

230 1743 299 1810 lum
320 1760 452 1836 gereret.
485 1749 592 1840 itaque
614 1750 717 1842 Aequi
738 1753 778 1818 ab
800 1753 963 1821 Ecetranis
985 1751 1112 1820 Vulser's
1134 1751 1328 1842 praesidium

181 1873 184 1882 ¹
231 1849 370 1938 petiere:
403 1877 468 1942 quo
492 1855 606 1943 cupide
629 1855 736 1924 oblato
759 1898 803 1940 τ
826 1859 906 1925 adeo
929 1857 1070 1926 civitates
1093 1881 1149 1924 eae
1171 1868 1328 1948 perpetuo

185 1951 264 2018 itin
285 1953 448 2021 Romanos
471 1955 544 2054 odio
567 1970 728 2054 eertauere
750 1984 793 2012 -’
814 1961 934 2029 bellurn
956 1962 1128 2030 summani
1149 1962 1328 2052 parabatur.

233 2056 372 2126 sentiunt
392 2055 519 2126 Hernici
547 2072 579 2128 et
604 2063 790 2152 praedicunt
810 2065 961 2134 Romanis
981 2067 1176 2136 Ecetranrnn
1204 2066 1244 2133 ad
1259 2049 1328 2133 ‘Ae-

157 573 171 612 l

251 2247 275 2303 l.
296 2247 511 2324 quadriduum:
530 2251 593 2311 Pu:
609 2273 664 2312 non
681 2275 744 2332 quu-
877 2279 939 2317 sous
957 2259 1043 2318 furius
1059 2260 1144 2318 fusior
1168 2259 1241 2316 fabio
1262 2257 1329 2314 scri-

294 2334 422 2396 triduum.
452 2337 485 2397 ef.
507 2338 537 2398 T.
558 2340 620 2399 Livi
643 2341 661 2400 l.
679 2359 745 2400 xxx.
876 2367 963 2425 psere.
992 2379 1028 2390 -
1058 2349 1093 2404 P:
1118 2345 1241 2404 consules
1266 2345 1330 2402 iude

266 2455 269 2466 ι
295 2439 323 2496 p.
349 2439 412 2480 xcv.
438 2425 482 2483 30.
513 2457 547 2467 -
582 2426 617 2484 P:
644 2428 750 2488 reditus
877 2436 1029 2512 postumius
1059 2434 1142 2494 albus.
1172 2421 1213 2514 sp.
1243 2423 1329 2490 lulius

297 2507 385 2581 quinti
403 2513 523 2570 cousin
541 2514 613 2572 urbe.
626 2514 698 2575 iecit.
712 2548 746 2558 -
879 2521 977 2583 luscus.
1013 2522 1098 2580 furios
1128 2521 1212 2578 fusius
1242 2520 1329 2578 fabios

293 2590 358 2653 PM:
377 2597 491 2670 quinti.
504 2643 512 2657 .
524 2603 562 2658 ob
581 2600 702 2680 quintio.
879 2611 1020 2688 scripsere.
1038 2641 1072 2666 -.-
1089 2608 1199 2666 Fubios
1217 2605 1260 2666 vel
1271 2606 1328 2663 Fo-

250 2679 277 2738 8.
295 2689 410 2738 centum
433 2695 572 2760 quattuor
593 2691 690 2747 millio
711 2709 747 2750 uc
879 2698 926 2754 In'o
954 2718 987 2755 ex
1016 2697 1188 2754 adnotatione
1217 2695 1330 2770 margini

295 2777 409 2824 centum
433 2776 668 2848 quattuordecim
689 2776 747 2848 (vel
878 2777 1012 2861 adscripta
1029 2787 1058 2838 irr
1071 2795 1137 2842 orat.
1149 2784 1278 2858 integram
1289 2783 1329 2838 vi·

297 2851 396 2910 decem
434 2869 588 2938 quattuor:
624 2873 654 2920 nt
687 2863 748 2924 Put.
881 2869 959 2926 detur
970 2871 1120 2946 irrepsisse.
1136 2901 1169 2915 ν·
1187 2869 1330 2944 Cf.Quin-

273 3003 277 3010 ι
300 2936 379 2996 Colb.
398 2941 440 3009 28,
459 2945 515 3001 38:
535 2947 596 3018 al.):
622 2949 671 3006 PM
689 2951 748 3028 cod,
881 2953 921 3013 til.
940 2955 965 3024 1,
984 2957 1010 3014 4.
1029 2959 1071 3016 13.

296 3019 474 3106 Rhenflarl.
491 3032 529 3102 ι]
549 3044 654 3092 eentum
673 3049 748 3114 quat·
821 3041 864 3100 1⁰.
882 3041 916 3096 iu
932 3042 1093 3102 admoneo.-
1110 3045 1140 3105 P.
1158 3045 1187 3103 id
1199 3063 1331 3104 amoueo:

243 3170 248 3182 .
296 3117 359 3164 tuor
380 3110 462 3166 millia
484 3123 512 3170 et
534 3117 647 3177 ducenta
674 3134 749 3198 quat·
854 3149 857 3157 ·
881 3125 1332 3190 M.-1³m.1.=n0minnm.-

296 3195 453 3257 tuordeoim.
471 3229 506 3244 -
527 3201 561 3260 P:
580 3209 665 3284 capitu
687 3217 749 3269 eun.
881 3213 917 3272 P:
937 3225 994 3272 erat
1012 3219 1133 3294 quintum
1151 3223 1252 3300 aequis.

261 3305 264 3314 ·
298 3303 345 3348 ae.
356 3301 434 3344 cxuu.
453 3285 585 3350 dicuntur.
602 3293 643 3352 M:
654 3299 749 3374 capita.
821 3302 864 3362 13.
882 3304 1257 3368 adEcetranis:PM.—ll:
1268 3308 1331 3366 uul-

300 3388 363 3440 euu,
387 3388 510 3434 acoxnn.
540 3410 574 3420 -
604 3385 701 3440 millia
722 3394 750 3440 et
879 3391 947 3452 scis.

299 3458 358 3533 ipse
379 3459 406 3519 h.
430 3458 447 3518 l.
469 3463 582 3542 scripsi,
612 3471 686 3546 quod
712 3474 749 3526 ita
822 3477 863 3535 14.
882 3479 1015 3540 ciuitates
1033 3502 1101 3540 aue:
1119 3483 1177 3543 cod.
1193 3483 1278 3540 eren.
1298 3515 1332 3526 -

300 3542 363 3599 hant
380 3565 450 3645 ‘raro
470 3551 504 3630 in
530 3551 589 3612 Pur.
620 3560 750 3636 seriptum
882 3563 961 3626 Mm.
980 3573 1021 3628 1.:
1047 3559 1153 3625 ciuitate
1175 3586 1245 3622 suec
1263 3587 1332 3644 qspe-

301 3641 442 3728 reqrerrtur.
473 3666 507 3676 —
536 3639 558 3694 P
585 3637 619 3699 ni.
652 3648 689 3705 1..·
720 3647 750 3702 in
872 3661 938 3712 tuo.
956 3675 991 3713 m.
1007 3657 1045 3711 3.:
1064 3655 1183 3708 ciuitates
1195 3671 1263 3708 aee:
1281 3655 1334 3723 (ef.

301 3713 389 3814 opida.
397 3746 431 3758 ·-
445 3719 505 3777 PM:
515 3731 569 3784 eos.
581 3749 640 3786 eum
650 3731 750 3809 aliquo·
881 3737 915 3799 T.
928 3739 988 3797 Livi
1006 3740 1022 3797 l.
1034 3757 1099 3797 m.
1117 3760 1144 3814 p.
1161 3755 1241 3799 uxvn.
1253 3745 1333 3813 vnn).

300 3807 378 3857 nens.
396 3833 428 3842 -—
445 3803 568 3870 P.m.1.:
581 3817 751 3891 populaudus
884 3825 1332 3904 P:ciuitateaeperpetuollarl.a:

298 3886 372 3944 isset.
402 3908 437 3947 rn.
456 3893 495 3950 Ἅι
513 3899 727 3975 populabundus.
885 3913 1005 3968 ciuitates
1034 3911 1109 3969 huuc
1133 3925 1271 3993 perpetuo.
1298 3947 1332 3956 -

258 3974 284 4030 9.
302 3975 439 4033 consules
452 3979 563 4056 indeA.
573 3986 752 4050 Postumius.
883 3995 1002 4056 Pm.1.:
1014 3999 1227 4062 odioeerteuera.
1244 4019 1278 4058 ιιι.
1290 4001 1331 4059 A:

300 4091 335 4106 -
352 4061 391 4118 tl:
415 4066 536 4125 eonsules
552 4073 557 4140 Ι
572 4074 636 4134 inde
653 4099 687 4134 an
703 4099 751 4155 po·
884 4083 947 4140 odio
967 4096 1108 4148 certauere.

302 4151 414 4201 :tumim
433 4151 507 4210 albus
529 4177 570 4232 sp.
589 4161 674 4220 furius
689 4165 750 4239 [iu-
823 4171 865 4228 16.
883 4171 1075 4233 Ecetranum:
1093 4171 1149 4230 Pul
