2860 4736
262 242 326 310 140
379 315 386 322 ,
723 253 834 316 lalllllll
850 253 885 316 ll

207 397 211 417 ⁵
251 421 336 486 dere.
359 428 496 510 quantus
517 439 692 510 numquam
714 429 786 487 ante
809 399 966 486 eirercitus
988 415 1130 508 legiones
1158 413 1276 484 decern
1306 421 1352 487 el-

250 525 368 592 fectae:
390 535 498 592 ternae
520 523 593 591 inde
616 524 706 591 datae
729 523 921 608 consulibus,
943 531 1093 612 quattuor
1107 519 1243 590 dictator
1259 545 1350 591 usus.

152 617 158 628 ¹
251 652 311 696 nec
332 629 396 696 iarn
416 637 543 720 poterat
564 627 685 694 bellurn
711 621 842 694 differri:
870 624 974 722 Aequi
1000 624 1148 694 Latinum
1170 651 1284 716 agrurn
1305 628 1354 695 in·

250 745 410 802 vaserunt.
433 741 576 800 oratores
597 729 782 822 latinonrm
804 755 823 798 a
844 739 956 798 senatu
977 729 1129 822 petebant
1148 742 1185 798 ut
1202 743 1258 800 aut
1280 733 1351 800 mit-

219 848 354 906 bterent
380 836 555 904 subsidium
582 846 638 903 arn
663 859 699 904 se
724 835 812 926 ipsos
833 833 1026 904 brendorum
1046 834 1156 905 surium
1179 860 1277 904 causa
1299 862 1349 906 ca-

120 939 125 952 *
250 965 326 1035 pere
348 965 435 1008 arma
457 939 605 1008 sinerent.
628 940 726 1010 tutius
747 940 852 1008 visum
874 948 923 1008 est
946 939 1072 1007 delendi
1098 939 1237 1008 inermes
1266 941 1347 1009 Lati-

190 1047 193 1056 ’
250 1069 310 1116 nos
333 1070 431 1138 quarn
452 1046 518 1137 pati
539 1057 708 1114 retractare
731 1067 828 1113 anna.
850 1041 1002 1112 Vetusius
1025 1045 1138 1113 consul
1152 1046 1270 1114 missus
1289 1059 1345 1116 est.
1403 1085 1405 1142 ι

251 1151 279 1217 is
305 1149 377 1218 finis
405 1150 664 1242 populationibus
685 1151 759 1218 fuit:
783 1170 908 1218 cessere
928 1145 1034 1240 Aequi
1055 1150 1185 1240 campis,
1206 1150 1345 1242 locoque
1403 1167 1405 1188 ¹

249 1255 350 1346 magis
369 1279 468 1346 quam
489 1254 584 1322 anius
606 1254 678 1322 beli
698 1253 829 1322 srrnunis
851 1277 887 1321 se
908 1251 989 1344 iugis
1017 1254 1175 1324 montium
1202 1257 1346 1323 tutaban-

166 1388 168 1398 ·
203 1367 238 1425 10
250 1367 310 1426 tur.
339 1359 420 1427 alter
448 1359 561 1427 oonsul
588 1357 621 1426 in
647 1357 785 1427 Vulscos
812 1358 989 1452 proiectus,
1017 1383 1059 1427 ne
1087 1372 1119 1429 et
1140 1360 1209 1453 ipse
1230 1368 1347 1428 tereret

135 1535 137 1559 Ι
249 1475 386 1555 tempus,
406 1463 567 1532 vastandis
588 1463 725 1536 maxime
748 1462 832 1554 agris
851 1461 987 1533 hostem.
1001 1463 1042 1530 ad
1064 1464 1256 1534 conferenda
1276 1487 1347 1556 pro·

245 1569 319 1665 pius
339 1579 443 1636 castra
466 1566 744 1659 dimicandumque
767 1567 834 1635 acie
857 1566 983 1636 excivit.
1006 1569 1112 1638 medio
1133 1569 1227 1644 inte}
1242 1581 1344 1638 castra

248 1685 369 1764 eampo'
386 1684 460 1742 ante
482 1675 578 1742 s'uum
599 1672 735 1764 quisque
756 1671 877 1740 vallum
898 1672 1019 1742 infestis
1045 1673 1141 1764 signis
1163 1675 1343 1744 consistere.

248 1778 448 1846 multitudine
471 1779 669 1869 aliquantum
691 1776 802 1846 Volsci
824 1778 1031 1868 superabant:
1059 1779 1167 1870 itaque
1195 1778 1288 1846 effusi
1313 1789 1345 1846 et

119 1953 122 1970 .
202 1887 236 1944 15
248 1881 457 1973 contemptim
478 1905 618 1973 pugnam
645 1880 734 1947 inire.
763 1882 877 1950 consul
904 1881 1069 1952 Romanus
1097 1907 1158 1952 nec
1185 1882 1345 1975 promovit

248 1987 350 2054 aciem
376 2010 438 2053 nec
464 1985 639 2053 clamorem
666 1984 756 2052 reddi
783 2007 895 2077 passus
921 1986 1034 2054 desinis
1060 1987 1132 2078 pilis
1159 1999 1241 2056 stare
1269 2011 1346 2056 suos

246 2090 352 2157 iussit:
380 2089 435 2156 ubi
464 2090 505 2158 ad
530 2114 662 2158 manum
683 2089 829 2158 venisset
844 2090 960 2175 hostis,
981 2101 1051 2159 tum
1073 2103 1201 2159 coortos
1222 2102 1292 2159 tota
1315 2093 1345 2160 vi

248 2194 357 2284 gladiis
385 2219 455 2263 rem
483 2218 602 2286 gerere.
631 2193 743 2262 Vulsci
771 2184 866 2262 cursu
894 2207 928 2263 et
954 2195 1094 2280 clamore
1116 2195 1192 2264 lessi
1213 2221 1288 2266 cum
1310 2221 1344 2264 se

183 2351 188 2364 .
247 2297 337 2367 velut
362 2299 561 2391 stupentibus
588 2309 677 2366 metu
704 2295 883 2366 intulissent
908 2299 1074 2396 lionoris,
1100 2312 1274 2391 postquam
1302 2300 1345 2368 in-

183 2397 235 2492 ¹⁹⁰.
247 2403 445 2494 pressionem
466 2427 595 2474 sensere
618 2428 659 2472 ex
675 2403 808 2470 adverso
824 2400 941 2474 factam
963 2417 996 2473 et
1011 2417 1083 2474 ante
1098 2404 1211 2478 oeulos
1225 2405 1343 2474 micare

247 2507 378 2598 gladios,
399 2508 486 2577 haud
507 2533 601 2578 secus
623 2532 721 2600 quarn
749 2505 776 2574 si
796 2505 830 2572 in
856 2507 982 2578 insidias
1003 2511 1200 2593 incidissent,
1226 2508 1343 2576 turbati

137 2619 144 2631 ‘
221 2707 223 2710 Ι
246 2623 375 2682 vertunt
394 2623 498 2706 terga:
521 2625 555 2683 et
574 2638 616 2682 ne
632 2614 672 2680 ad
688 2613 796 2730 fugam
812 2613 942 2704 quidem
961 2615 1037 2684 satis
1052 2615 1165 2684 virium
1179 2613 1247 2698 luit
1269 2609 1343 2704 quia

265 2735 289 2794 1.
308 2726 446 2812 effectae}
463 2746 568 2794 tanae
585 2737 656 2818 inde
668 2735 759 2792 datae
890 2741 996 2818 magis.
1014 2770 1048 2781 -
1066 2736 1089 2793 P
1105 2739 1199 2814 m.¹1.:
1224 2735 1344 2796 alteas.

307 2826 493 2882 consulibus.-
514 2823 668 2898 Rffecte
685 2833 758 2884 eter-
890 2827 922 2881 r'n
939 2825 1059 2882 uulscos
1074 2831 1242 2899 prouectus.

308 2909 432 2965 neinde
450 2911 521 2966 date
535 2911 714 2968 consilibus:
730 2909 758 2968 Μ
830 2913 872 2970 10.
891 2931 928 2968 aa
946 2919 975 2968 et
992 2910 1055 2985 ipse
1070 2919 1194 2968 tereret:
1213 2909 1242 2969 P.
1260 2940 1297 2954 -
1313 2909 1344 2966 Μ

307 3014 342 3052 m.
362 2996 386 3053 1.
404 2996 589 3050 oonsulibus:
607 3015 643 3053 m.
661 2999 688 3054 2.
869 3009 926 3056 *m.
944 2999 984 3054 1.:
1002 3017 1039 3052 ne
1057 3007 1086 3054 et
1104 3000 1167 3079 ipse
1184 3007 1282 3056 cieret.
1306 3017 1344 3058 m.

262 3082 288 3138 2.
307 3089 448 3158 quattuor
459 3079 585 3136 dictator
598 3102 688 3138 usus.-
700 3080 756 3143 ΡΜ.
890 3087 930 3142 2:
948 3103 986 3140 ne
1005 3092 1035 3140 et
1052 3085 1115 3160 ipsc
1133 3086 1288 3142 detereret.
1306 3113 1345 3127 ·-

260 3169 288 3226 3.
306 3169 384 3224 neci
440 3167 756 3242 poterotbellumsPlll.
885 3169 913 3225 Μ
931 3171 1298 3246 m.1.:adconseronda.

257 3259 258 3266 ’
305 3287 340 3298 --
359 3187 497 3332 emersi.
511 3298 518 3313 .
532 3256 585 3332 qui
601 3256 710 3312 latiari:
727 3257 757 3315 Μ
827 3259 870 3316 13.
888 3259 1063 3315 c'onsislcre:
1081 3255 1132 3330 Μ]
1151 3259 1318 3315 constitere.
1404 3246 1405 3254 ἵ

304 3341 401 3398 mediis
418 3341 516 3398 litteris
533 3343 625 3401 erasis.
822 3347 871 3404 15.
887 3365 1019 3424 pugnam
1029 3343 1226 3404 inireslllcod.
1236 3345 1343 3417 libera]

250 3460 286 3474 -
305 3432 494 3488 inuaserant:
512 3429 561 3502 Μ]
581 3432 742 3492 invaserant.
886 3453 1003 3510 pugnam
1021 3434 1114 3492 iniere.
1179 3473 1183 3492 ι
1368 3503 1373 3518 .

111 3508 112 3516 ¹
215 3537 217 3544 ·
260 3518 286 3574 d.
304 3536 323 3570 a
341 3517 754 3593 senaturlllm.2.Pllarl.r.]
827 3521 869 3579 17.
886 3529 949 3578 lum
966 3511 1091 3577 coortos.
1114 3517 1195 3593 -ΧΡ
1212 3536 1247 3573 ιιι.
1267 3515 1292 3572 1.
1310 3517 1341 3575 Μ

303 3602 336 3656 ab
361 3611 463 3660 senatu.
485 3635 520 3646 -
542 3603 569 3662 Μ
591 3625 627 3666 m.
651 3610 690 3666 1.r
714 3628 754 3684 op
885 3599 1340 3666 m.1.:tomcotartoe.t²m.2.:

303 3696 417 3748 senatu.
439 3717 472 3730 -·
492 3687 534 3744 ld:
553 3697 594 3748 ari
611 3714 644 3750 se
662 3695 752 3774 ipsos.
851 3751 855 3761 ,
884 3687 1340 3752 rumcohorrea.lt1m.a.:rum

301 3804 338 3817 -
354 3771 397 3830 lll:
415 3773 560 3836 inhermes.
885 3779 1023 3836 cohortis.

257 3866 284 3922 8.
302 3864 328 3919 is
333 3861 413 3938 finis
422 3863 663 3936 populationibus
671 3864 763 3938 suite
824 3871 867 3924 1s.
886 3863 1005 3923 Vulsci.-
1023 3861 1074 3934 Μ]
1092 3859 1194 3920 Volsci.

301 3947 337 4008 Μ.
362 3947 411 4006 lris
427 3947 507 4022 ¹finis
533 3949 610 4006 nibil
629 3954 752 4028 populo·
823 3956 867 4012 al.
887 3967 976 4029 quom
1002 3951 1031 4006 si
1056 3952 1087 4006 ira
1113 3949 1242 4008 insidias
1268 3949 1336 4006 inci·
1391 3983 1392 3992 ι

302 4035 430 4094 tionibus
441 4032 522 4106 fuit:
535 4031 565 4094 P.
580 4065 612 4078 ·-
624 4035 652 4096 Μ
664 4058 698 4096 ru.
713 4042 753 4098 l.r
888 4037 1017 4098 dissent.-
1040 4036 1072 4098 P.
1098 4057 1188 4120 quam
1212 4039 1242 4094 si
1265 4037 1336 4096 insi·
1358 4088 1361 4096 ,

301 4123 361 4198 loq.
388 4123 494 4202 magis.
520 4139 555 4181 m.
585 4123 626 4182 ‘la
657 4125 753 4202 locoq.
887 4122 1335 4222 diosinciclisscntrllarl.1.cod.
