2802 4726
530 323 639 384 1.th
654 316 688 384 V.
914 363 915 370 ι
1102 317 1167 386 513
1197 313 1199 325 ’

71 499 130 554 aet.
167 497 200 556 et
220 498 328 556 tamen
356 509 411 554 eos
441 497 492 554 tot
517 486 637 555 iudiciis
660 475 828 555 confossos
858 492 1166 586 praedamnatosque
1275 549 1278 560 .
1332 583 1335 590 Ι

70 590 178 658 venire
200 592 241 658 ad
262 592 374 684 populi
395 591 560 674 iudicium,
589 601 622 660 et
643 591 822 660 existimare
849 593 1015 664 defunctos
1036 621 1071 666 se
1094 623 1165 668 esse

69 695 210 787 satisque
231 719 409 787 poenarum
424 695 548 764 dedisse
572 697 659 786 quod
674 695 798 763 duobus
815 699 977 767 mensibus
1000 701 1091 770 citius
1106 705 1166 794 pri·
1224 747 1226 768 .

69 799 134 867 vati
156 800 283 868 lacti
257 811 334 883 smt,
362 824 467 890 neque
497 799 680 892 intellegere
707 801 848 876 nocendi
870 802 930 870 sibi
957 803 1072 872 diutius
1096 819 1166 878 tum
1264 845 1270 856 ι

68 914 261 993 potestatem
284 915 426 1006 emptam
449 925 518 972 esse
540 928 606 975 non
626 928 766 1010 poenam
786 905 976 996 inrogatam.
999 910 1118 1000 quippe
1134 922 1194 982 et5

70 1007 201 1101 collegis
231 1009 454 1128 abrogatum
446 1009 613 1100 imperium
640 1009 695 1101 qui
726 1019 811 1078 certe
838 1011 923 1078 nihil
950 1013 1164 1106 deliquissent.

67 1110 140 1177 illos
161 1123 341 1202 repeterent
362 1113 486 1180 animos
502 1113 649 1200 Quirites,
672 1137 755 1206 quos
777 1115 897 1183 recenti
919 1117 1009 1185 clade
1033 1129 1199 1209 accepta

65 1213 258 1300 habuissent,
280 1241 354 1286 cum
375 1217 449 1308 fuga
470 1216 629 1306 trepidum
649 1218 782 1308 plenum
802 1218 970 1288 volnerum
992 1245 1030 1289 ac
1044 1247 1163 1314 pavore

64 1318 256 1413 incidentem
270 1322 368 1412 portis
381 1321 557 1390 exercitum
568 1322 712 1406 viderint,
733 1347 799 1393 non
812 1324 974 1394 fortunam
989 1337 1044 1394 aut
1054 1351 1163 1418 quem·

65 1449 164 1514 quam
185 1427 318 1494 deorum
340 1428 399 1498 sed
418 1426 480 1495 hos
503 1429 600 1495 duces
615 1439 827 1495 accusantem.
865 1455 925 1521 pro
947 1441 1035 1498 certo
1050 1454 1086 1500 se
1108 1431 1162 1498 ha·
1176 1449 1211 1504 10

65 1528 141 1596 bere
163 1530 324 1597 neminem
345 1530 379 1596 in
401 1531 549 1600 contione
571 1543 664 1614 stare,
686 1531 741 1622 qui
762 1529 818 1596 illo
841 1531 892 1598 die
913 1556 979 1600 non
996 1547 1093 1625 caput
1109 1537 1164 1603 do-

62 1657 154 1704 mum
175 1635 381 1724 fortunasque
403 1634 440 1702 L.
456 1633 595 1724 Verginii
617 1659 655 1701 ac
675 1634 728 1702 Μ’.
749 1633 839 1723 Sergi
861 1633 902 1700 sit
923 1649 1090 1704 execratus
1113 1640 1163 1706 de-

63 1748 270 1828 testatusque.
302 1737 438 1814 ¹minime
461 1737 644 1822 conuenire,
670 1736 786 1829 quibus
807 1738 904 1806 iratos
927 1739 1063 1831 quisque
1086 1743 1164 1809 deos
1270 1743 1273 1752 ⁴

63 1853 210 1932 precatus
233 1843 282 1926 sit,
302 1841 336 1908 in
357 1841 395 1909 iis
417 1865 475 1910 sua
496 1853 655 1932 potestate
677 1865 752 1910 cum
766 1842 861 1910 liceat
882 1853 916 1911 et
930 1855 1078 1935 oporteat
1098 1870 1181 1914 nonr

1394 1707 1395 1718 ι

1316 1730 1319 1743 l
1394 1729 1395 1748 i

1394 1799 1395 1808 ι

1394 1811 1395 1820 ι

63 1947 120 2014 uti.
159 1970 336 2038 numquam
358 1947 436 2016 deos
457 1945 545 2037 ipsos
568 1948 738 2014 admovere
760 1947 949 2015 nocentibus
964 1971 1094 2017 manus:
1117 1973 1163 2018 sa·
1178 1967 1211 2026 15
1290 1947 1294 1958 ’
1394 1949 1395 1956 '

33 2087 47 2100 e
63 2051 103 2118 tis
125 2072 195 2119 esse
218 2051 245 2118 si
267 2051 435 2120 occasione
457 2050 629 2118 ulciscendi
649 2052 755 2120 laesos
778 2065 910 2121 arment.

151 2155 220 2226 xu.
261 2156 322 2256 rra
345 2155 540 2225 orationibus
561 2155 688 2224 incitata
710 2156 801 2247 prens
824 2137 913 2226 aenis
934 2159 1061 2226 manus
1083 2161 1164 2248 aas

62 2261 166 2354 gravis
186 2277 261 2330 reos
283 2263 488 2345 condemnat,
511 2260 706 2353 nequiquam
727 2259 838 2352 Sergio
861 2260 999 2340 Martem
1022 2288 1163 2332 commu-

82 2447 109 2504 1.
141 2441 308 2517 confossor!
333 2449 578 2522 praedamrmtos·

128 2553 202 2607 que:
225 2531 283 2592 ΡΜ.
314 2563 348 2578 ·-
377 2535 457 2594 Recc.
485 2535 578 2592 codd:

105 2617 272 2678 ‘confessos
296 2649 331 2661 —-
354 2619 415 2676 ΡΜι
433 2641 520 2698 neque
537 2623 578 2677 iu·
711 2629 858 2679 execratus.
884 2620 925 2677 Μι
942 2620 960 2678 l.
980 2623 1115 2695 uerginiae
1133 2642 1164 2678 ac

124 2704 257 2781 tellegere.
496 2724 499 2732 ’
712 2712 746 2764 ιῐι.
764 2709 822 2778 seri
834 2709 859 2764 ci
871 2710 907 2764 sit
916 2718 1062 2766 execratus.
1080 2729 1115 2767 m.
1125 2712 1163 2767 3.=

81 2798 107 2854 8.
124 2813 192 2864 cum
206 2793 292 2873 fuga
315 2795 479 2870 trepidum:
500 2792 523 2850 P
543 2813 580 2854 m.
712 2813 744 2848 ac
761 2799 795 2852 ιῐι.
813 2795 902 2869 sergii.

126 2880 266 2942 att-
293 2881 437 2942 Pm.1.a
463 2882 578 2968 trepidi·
650 2880 694 2937 13.
722 2881 841 2940 minime
870 2884 1028 2940 conuenire
1058 2884 1164 2960 quibua

710 2467 761 2506 nus
790 2449 959 2525 probandam
972 2451 1098 2510 ridetur.
1128 2483 1163 2494 -—
1270 2491 1272 2498 ,

668 2559 671 2566 ·
711 2533 747 2590 P:
768 2533 786 2592 l.
805 2536 918 2610 uerginii
936 2556 967 2592 ae
987 2543 1022 2595 ιῐι.
1039 2539 1111 2612 sergi
1128 2539 1165 2592 sit
1211 2607 1215 2616 Ι

124 2970 243 3030 dum.-
255 2969 294 3026 Μ·
312 2969 421 3046 plenum
438 2954 578 3026 uolnerum

124 3079 269 3137 reparare
284 3061 289 3130 1
305 3060 477 3137 incipientem
490 3052 577 3131 portia

124 3149 270 3204 exercitum
296 3147 422 3205 uiderint.
457 3145 492 3202 P:
519 3144 577 3220 ple·

122 3252 187 3288 num
205 3233 344 3289 uulnerum
365 3254 397 3288 ac
418 3251 519 3310 pauore
535 3235 576 3288 in·

17 3376 21 3384 y
125 3318 258 3374 eidentem
276 3322 329 3389 (m.
341 3322 381 3376 2:
394 3318 576 3388 incedentem)

123 3407 212 3480 portis
230 3408 375 3462 exercitum
392 3405 519 3464 uiderint.
541 3439 575 3448 -

123 3491 246 3552 Harl.1.:
271 3488 406 3550 uiderunt.
432 3523 465 3534 -
489 3490 509 3550 l.
530 3491 576 3551 Fr.

125 3578 209 3638 Gron.
227 3579 341 3638 malebat
363 3579 482 3637 seribere
500 3577 577 3655 „plo

124 3687 189 3725 num
201 3667 319 3728 vulneris
337 3691 368 3725 aa
384 3668 492 3744 pavoris
509 3667 577 3722 inci·

124 3753 576 3833 deutem“:sedvelpoooreraote

123 3860 154 3898 ee
165 3842 254 3904 habet.
273 3845 306 3905 el.
319 3839 378 3904 Cic.
388 3843 423 3900 de
433 3843 480 3900 fin.
493 3845 520 3910 3,
533 3843 575 3899 13.

123 3957 159 3972 -
175 3928 199 3986 P
213 3952 248 3990 m.
262 3936 300 3992 1.:
321 3939 511 3990 accussantem.

64 4017 107 4077 11.
123 4019 268 4076 neminem
280 4020 312 4076 in
329 4022 462 4078 contione
479 4026 576 4075 stare.-

123 4103 154 4162 P.
172 4135 207 4150 -
224 4104 264 4162 Μι
287 4109 442 4176 „neminem
461 4107 493 4162 in
509 4123 576 4162 con·
626 4160 632 4178 ,

123 4194 233 4250 tionem
245 4199 354 4252 stare“:
373 4192 446 4273 quod
461 4211 515 4250 non
527 4192 576 4248 mi·

104 4290 133 4351 P,
147 4297 199 4343 Livi
213 4313 263 4358 paro
275 4298 294 4343 l.

648 3039 650 3044 ι
711 2969 806 3024 iratos
834 2971 961 3046 quiaque
983 2971 1058 3028 deor
1077 2991 1163 3047 prae·

711 3064 796 3112 catus
820 3059 860 3114 eir
886 3059 917 3113 in
940 3059 978 3114 iis
1006 3079 1064 3114 auu
1083 3067 1163 3133 pote-

708 3153 787 3200 etote
804 3163 869 3200 eum
886 3144 975 3202 licent
990 3155 1019 3202 et
1031 3154 1165 3220 oporteat

710 3251 770 3286 raon
802 3233 852 3290 uti.
893 3251 1055 3308 numquam
1089 3233 1164 3288 deor

711 3318 792 3389 ipsos
811 3317 1054 3375 admonuerat:
1073 3316 1108 3375 Μ.
1127 3347 1163 3360 -

709 3400 748 3458 Pa
776 3405 909 3468 „minime
932 3405 1076 3460 conuenire
1103 3405 1162 3481 qui-

707 3490 758 3545 hus
775 3491 859 3544 iratus
878 3491 992 3566 quisque
1009 3491 1074 3548 deos
1087 3494 1162 3570 ipros

711 3577 877 3632 admouere“
897 3586 947 3636 cet.
977 3578 1064 3648 media
1086 3599 1162 3657 prae·

644 3675 647 3682 '
709 3663 830 3720 termissa
849 3674 920 3725 sunt.

648 3715 691 3808 17.
710 3750 797 3806 denis
814 3753 932 3810 milibus
951 3755 1031 3810 aeris
1040 3756 1158 3832 grauis.
1219 3781 1223 3796 ι

708 3835 812 3896 ΡΜ.-
828 3837 891 3896 ΡΜι
883 3842 1090 3916 ,ιιιᾳιιίᾳιισιιι
1102 3861 1161 3896 eer-

706 3926 759 4003 gio
769 3935 892 3982 martem
903 3939 1084 3983 communem
1093 3928 1165 3983 delli

693 4011 924 4089 fortunamque
942 4023 1100 4070 accusante
1111 4013 1162 4082 (Pa

710 4101 889 4170 accussante).
907 4098 981 4157 Harl.
999 4119 1031 4158 r.:
1050 4109 1162 4158 martem

710 4204 876 4242 communem
886 4185 1001 4266 bellique
1019 4187 1162 4246 fortunam.

918 4277 960 4342 33
