2750 4720
487 275 488 280 ‘
442 272 744 404 incursuri
1108 311 1173 380 sss

19 477 28 528 s
78 487 210 552 ficnuun
232 495 321 566 crat
330 482 422 550 exuri
441 501 565 572 passus
575 475 637 564 est,
659 463 807 606 dixitque
823 505 893 554 esse
915 485 995 554 tales
1016 499 1174 556 trecentos

50 598 54 607 '
79 582 261 660 coniuratos
281 587 313 654 in
335 575 472 654 mortem
494 584 591 676 ipsius
612 585 703 677 regis.
726 601 863 688 quonum
879 589 1082 658 admiratione
1104 614 1174 660 coa-

57 704 60 712 ·
80 707 151 762 ctus
166 691 327 762 Porsenna
350 691 455 782 pacis
453 688 659 758 condiciones
681 686 762 758 lerre
780 678 907 760 bellum
916 694 1021 762 omisit
1036 699 1195 790 acceptis¹
1270 725 1272 728 ·

79 796 252 866 obsidibus.
281 820 323 864 ex
345 797 460 887 quibus
482 789 600 886 uirgo
586 815 661 862 una
683 793 815 864 Cloelia
827 793 973 889 deceptis
990 799 1174 899 dulodibns

72 927 138 993 per
159 899 306 969 Tiberim
327 901 367 968 ad
396 921 472 970 suos
494 898 749 968 transmutet
776 921 850 970 eum
877 899 1009 971 reddita
1026 890 1127 988 esset,
1156 920 1209 973 a5

73 1007 240 1074 Porsenna
254 1004 428 1096 honorifice
450 1004 580 1073 remissa
602 1005 772 1096 equestri
763 1017 865 1078 statua
888 1007 1003 1075 donata
971 1017 1084 1076 t.est
1113 1005 1175 1101 Ap

75 1108 232 1177 Claudius
253 1133 297 1178 ex
316 1109 440 1178 Sabinis
462 1105 599 1178 Romani
620 1108 799 1208 transfigit:
822 1110 864 1178 ob
886 1109 954 1180 hoc
972 1111 1103 1180 Claudia
1124 1112 1175 1180 tn'·

66 1214 139 1293 Ibus
161 1213 284 1282 adiecta
304 1225 366 1297 est,
400 1234 615 1305 numerusque
642 1200 783 1282 tribuum
810 1214 988 1308 ampliatus
1003 1226 1040 1296 ut
1069 1214 1225 1286 essint'

76 1317 186 1407 viginti
207 1339 279 1386 une.
303 1320 454 1389 adversus
469 1317 677 1408 Tarquinium
691 1319 872 1412 Superbum
894 1338 970 1388 cum
989 1307 1175 1390 monemur

75 1421 220 1490 exercitu
242 1423 364 1490 bellurn
390 1421 637 1493 inlerentcmA.
660 1421 843 1492 Postumius
867 1423 1001 1493 dictator
1021 1437 1221 1518 prosperelo
1316 1510 1318 1518 .

75 1527 239 1620 pugnavit
255 1528 340 1621 apud
366 1529 473 1604 lucum
494 1525 661 1618 Regillum.
700 1529 793 1619 plebs
819 1547 901 1598 cum
920 1538 1052 1620 propter
1072 1549 1174 1602 nexos

76 1633 122 1702 ob
146 1657 199 1714 aes
221 1631 359 1700 alienum
379 1632 413 1698 in
427 1632 560 1700 Sacrum
582 1642 726 1700 montem
743 1632 937 1715 secessisset,
958 1632 1174 1700 consiliolle-

60 1737 163 1805 'nenii
184 1735 343 1829 Agrippae
365 1761 384 1804 a
405 1736 559 1805 seditione
581 1747 731 1806 revocata
752 1747 810 1804 est.
831 1735 917 1803 idern
939 1733 1078 1827 Agrippa
1100 1757 1175 1802 cum

19 1897 20 1904 ,
75 1841 282 1925 decessisset,
307 1851 439 1933 propter
465 1850 684 1933 paupertatem
717 1839 844 1932 publico
876 1839 1040 1931 impendio
1073 1839 1174 1908 elatus

19 1953 23 2027 ἰ,
74 1957 137 2015 est.
158 1945 274 2018 tribuni
295 1947 399 2038 plebis
420 1945 560 2037 quinque
582 1944 679 2012 crcmi
700 1955 786 2011 sunt.
807 1943 960 2034 oppidum
982 1943 1175 2013 Volscorum
1188 1959 1222 2014 15
1325 1915 1328 1922 ,

76 2050 199 2118 Corioli
221 2061 350 2142 coptum
372 2061 422 2118 est
442 2049 556 2117 virtute
579 2060 612 2117 et
634 2071 730 2140 opera
753 2047 790 2114 C.
812 2046 936 2130 lllarcii,
964 2049 1020 2138 qui
1046 2047 1089 2115 ob
1111 2046 1176 2114 hoc

74 2149 267 2222 Coriolanus
288 2165 421 2226 vocatus
448 2165 507 2222 est.
546 2152 587 2220 T.
612 2151 752 2220 lntinius
773 2150 822 2218 vir
849 2152 889 2218 de
916 2151 1012 2242 plebe
1040 2173 1115 2219 cum
1142 2149 1176 2216 in

74 2257 149 2324 visu
175 2259 355 2328 admonitus
386 2270 424 2327 ut
451 2261 492 2327 de
521 2245 711 2350 qmbusdam
738 2253 939 2348 religionibus
967 2257 1008 2322 ed
1029 2265 1176 2322 senatum

74 2359 242 2452 perferret
253 2363 453 2451 neglexisset,
474 2362 592 2428 amisso
613 2359 680 2426 filio
695 2356 806 2425 debilis
820 2355 923 2423 fectus
937 2369 1108 2447 postquam
1123 2359 1175 2424 de·

19 2535 21 2540 ,
74 2467 162 2533 latus
185 2463 226 2532 ad
247 2473 393 2536 senatum
414 2464 525 2532 lectica
547 2461 601 2530 illa
623 2462 736 2529 eadem
750 2457 952 2540 indicaverat
973 2481 1035 2526 usu
1056 2460 1175 2550 pedum
1187 2477 1222 2532 ρο
1271 2473 1286 2517 ι

76 2577 209 2661 recepto
232 2569 364 2637 domum
391 2590 537 2636 reversus
566 2578 624 2635 est
655 2587 737 2632 curn
759 2561 796 2629 C.
819 2559 956 2630 lllarcius
978 2561 1174 2645 Coriolanus,

98 2784 124 2840 1.
142 2780 179 2838 li:
197 2779 303 2858 Dixitrp
321 2779 387 2835 tales
411 2731 595 2836 trecentus'e‘e

63 2915 70 2922 .
142 2870 305 2927 coniuratos.

97 2957 124 3014 2.
142 2953 179 3010 n:
198 2965 307 3012 coactus
318 2953 436 3014 Porsena
448 2957 593 3032 paciscun-

76 3051 78 3061 ’
144 3041 260 3112 ditiones
278 3042 356 3100 lerre.
501 3113 504 3124 y

98 3126 125 3187 A.
141 3121 180 3182 li:
197 3130 273 3205 uirgo
283 3149 335 3186 una
343 3127 448 3186 Coelio.
458 3125 539 3186 -'-R.
530 3149 595 3204 per

142 3212 269 3289 Tyberim
287 3215 321 3271 ad
339 3236 403 3292 suos
421 3219 545 3275 tranauit.

100 3301 128 3360 5.
144 3297 215 3358 Rea
228 3300 359 3364 Porsena.

97 3389 125 3446 o.
143 3387 180 3447 li:
204 3393 356 3467 equestriq3
382 3398 469 3448 sutus
496 3389 594 3448 donato

143 3477 169 3532 δι
184 3475 323 3534 Aduersus
336 3475 484 3553 Tarquiniis
496 3475 594 3551 Super·

145 3557 209 3618 bum
227 3568 260 3623 cu
278 3573 329 3622 eet.

83 3652 128 3711 10.
144 3649 227 3711 ltin
235 3656 389 3716 Postumius
398 3656 523 3716 motator
533 3675 595 3735 pro·

144 3757 228 3811 spere·
248 3747 377 3818 pugnauit
407 3743 480 3820 apud
507 3743 594 3800 lecum

127 3823 284 3970 Reppllpm
319 3829 371 3908 Ap.
401 3829 531 3893 Claudius
561 3849 594 3898 ep

143 3905 207 3970 Se'
199 3933 251 3971 ιιιιι
265 3908 379 3974 Romam
391 3917 548 3992 transfugit.¹
559 3913 594 3974 ob

81 4043 85 4050 .
142 3998 196 4056 hoo
205 4000 319 4072 Claudia
331 4004 416 4060 tribus
428 4004 533 4061 adlecta
545 4012 594 4062 est.

143 4085 279 4146 Numerus
289 4090 379 4146 tribuit
391 4090 471 4166 ampl
474 4099 532 4149 atus
545 4099 594 4147 est.

19 4183 21 4190 '
143 4181 175 4230 ut
200 4185 297 4235 essent.
323 4195 384 4234 xxrr.
424 4176 504 4234 Plebs
535 4196 595 4232 eum

126 4273 155 4319 Τ.
167 4275 219 4322 {rivi
232 4293 283 4335 pars
296 4281 316 4325 1.

724 2781 808 2874 pptcr
829 2787 913 2830 nans
936 2771 972 2830 ob
995 2791 1025 2830 es
1041 2771 1129 2830 client
1145 2772 1175 2827 in

725 2885 831 2927 eaerum
843 2869 935 2926 monte
945 2867 1114 2926 seemlssatz
1132 2869 1177 2921 oo-

726 2956 788 3013 silio
807 2954 923 3012 lllenenii
940 2955 1070 3033 Agrippe.
1090 2961 1142 3026 cel.

666 3045 708 3100 ll.
726 3041 763 3100 tt:
757 3038 1176 3152 ppterpaupertatempublioo

726 3137 844 3218 impedio
854 3135 947 3195 elatus
959 3133 1014 3194 Tri
1027 3132 1068 3192 Pl.
1081 3133 1175 3212 quinq,

727 3229 809 3283 creati
826 3231 897 3281 sont.

665 3317 708 3371 16.
726 3311 765 3368 R:
785 3312 883 3367 uirtute
900 3317 927 3364 et
945 3325 1026 3385 opera
1044 3303 1096 3364 Cn.
1107 3301 1175 3362 llar-
1280 3365 1284 3380 Ι

724 3401 764 3458 tii.
774 3429 808 3440 -
820 3395 875 3470 Sig.
890 3395 1006 3450 restituit
1016 3393 1048 3451 C.
1061 3389 1176 3448 Marcii.

666 3489 708 3545 17.
726 3483 764 3541 li:
791 3483 823 3541 T.
841 3479 952 3538 Leucus
968 3481 1012 3537 uir
1037 3477 1073 3536 de
1097 3476 1176 3555 plebe

726 3591 786 3628 cum
803 3571 832 3626 in
850 3569 911 3626 uisu
923 3567 1076 3624 admonitus
1092 3572 1176 3622 esset:

725 3667 756 3714 nt
767 3657 801 3714 de
818 3653 979 3733 quibusdem
990 3651 1177 3728 religionibus:

729 3745 764 3801 cd
782 3743 909 3801 Senatum
930 3739 1075 3818 perferrets
1092 3749 1113 3792 κ
1130 3755 1176 3810 ne·

725 3831 862 3902 glexiss‘eta
879 3830 979 3886 amisso
997 3833 1049 3886 oet.
1066 3853 1101 3866 -·-

664 3894 763 3974 ltl’c:
785 3913 1059 3976 ermenwardus
1081 3909 1177 3968 Corio·

727 4003 817 4060 lanus:
845 4003 943 4080 quiin
967 3999 1061 4058 exsilit
1083 3993 1177 4076 pulsus
1200 4003 1202 4010 '

728 4091 782 4147 dux
795 4087 954 4146 Volscorurn
972 4087 1058 4144 lactus
1076 4085 1175 4142 exerei-

728 4185 783 4232 tum
801 4174 918 4231 hostium
937 4173 1002 4230 Vrbi
1023 4174 1112 4246 primo
1130 4168 1175 4225 ad·

937 4261 980 4325 lo
