2836 4720
114 225 124 240 ⁵
203 269 267 336 ros
678 273 786 358 unm
804 274 837 336 n.

202 454 240 512 ut
260 428 366 533 neque
388 441 520 532 imperia
542 437 684 508 exaudiri
705 461 812 532 neque
833 437 944 508 instrui
965 435 1048 506 acies
1065 443 1187 526 posset.
1203 455 1309 504 nemo

203 547 297 618 ullius
317 546 377 614 nisi
398 545 493 637 fugae
514 567 649 613 memor.
677 543 721 612 ita
743 543 845 612 effuso
862 543 987 634 agmine
1009 565 1067 632 per
1082 551 1223 630 stragem
1239 561 1312 608 cor-

204 635 322 743 porum
346 673 571 740 annorumque
593 672 732 731 evasere,
753 657 791 716 ut
810 648 898 739 prius
913 646 1015 716 hostis
1037 643 1203 714 desisteret
1217 645 1314 734 sequi

207 779 304 846 quarn
324 755 489 824 Romarm
510 755 631 846 lugere.
656 755 787 823 tandem
810 753 953 822 collectis
975 777 1019 820 ex
1040 749 1191 842 dissipato
1214 773 1315 818 cursu

176 859 356 931 emilianus
387 861 501 932 consid
529 883 605 929 cum
631 860 813 930 revocando
841 857 1038 948 nequiquam
1064 879 1141 924 auos
1163 877 1315 945 persecu-

205 975 258 1032 tus
279 976 380 1049 esset,
406 966 440 1032 in
461 976 576 1056 pacato
605 989 680 1057 agro
703 975 806 1034 castra
833 961 953 1054 posuit,
987 961 1205 1050 advocataque
1238 982 1316 1028 con·

207 1069 294 1140 tione
316 1070 461 1140 invectus
483 1069 562 1138 haut
583 1069 664 1136 falsa
684 1070 718 1136 in
747 1068 943 1160 proditorem
974 1065 1150 1134 exercitum
1170 1063 1316 1132 militaris

208 1173 402 1265 disciplinae,
425 1177 622 1243 desertorem
643 1173 816 1265 signoruni,
839 1171 896 1238 ubi
917 1171 1006 1262 signa
1022 1167 1078 1238 ubi
1097 1193 1183 1236 arma
1204 1178 1318 1237 ¹essent

207 1278 347 1370 singulos
371 1280 525 1370 rogitans,
552 1279 690 1348 inermes
711 1277 844 1361 militas,
876 1276 967 1368 signo
997 1275 1116 1344 amisso
1138 1273 1318 1366 signiferos,

86 1409 90 1417 ’
163 1399 197 1454 10
210 1379 250 1452 ad
277 1381 341 1451 hoc
371 1383 571 1454 centuriones
599 1381 866 1475 dupliciariosque
888 1381 944 1472 qui
966 1380 1160 1470 reliquerant
1185 1378 1316 1458 ordines

206 1486 301 1577 virgis
323 1510 433 1555 caesos
457 1489 560 1558 securi
582 1487 749 1581 percussit.
785 1497 892 1558 cetera
913 1483 1086 1556 multitudo
1109 1494 1197 1554 sorte
1219 1484 1317 1554 decu-
1409 1487 1410 1492 ’

207 1615 279 1658 mus
302 1593 439 1684 quisque
462 1593 509 1660 ad.
524 1592 718 1685 supplicium
739 1591 825 1662 lecti.

288 1695 364 1766 LX.
411 1696 530 1766 Conna
559 1723 598 1768 ea
625 1698 659 1767 in
678 1697 801 1789 Aequis
827 1696 909 1764 inter
937 1693 1106 1766 consulem
1132 1717 1171 1764 ac
1198 1692 1318 1763 milites

133 1833 136 1860 ι
208 1799 357 1872 comitate
380 1827 418 1872 ac
440 1803 602 1872 beneficiis
625 1815 782 1872 certatum
804 1812 863 1870 est.
886 1813 920 1871 ct
940 1812 1053 1870 natura
1075 1798 1224 1887 eriutius
1247 1809 1317 1866 erat

62 1919 64 1931 '
161 1917 195 1974 15
206 1905 318 1988 lenior,
341 1919 373 1975 et
395 1908 525 1977 saevitia
546 1907 657 1976 infelix
680 1908 823 1998 collegae
845 1931 911 1998 quo
933 1906 960 1974 is
982 1904 1083 1996 magis
1106 1905 1259 1996 gauderet
1272 1903 1318 1970 in=

208 2011 302 2101 genio
325 2035 386 2080 suo
409 2013 568 2080 effecerat.
600 2011 676 2081 huic
697 2023 804 2081 tantae
826 2010 1016 2079 concordiae
1039 2011 1129 2079 ducis
1148 2008 1318 2080 exercitus-

208 2139 273 2206 que
294 2141 360 2184 non
380 2115 449 2184 ausi
472 2116 585 2184 offerre
600 2139 636 2184 se
651 2115 755 2207 Aequi
776 2115 884 2207 vagari
897 2115 1164 2207 populabundum
1183 2114 1317 2183 hostem

208 2243 267 2311 per
288 2244 381 2310 agros
402 2220 504 2311 passi,
525 2243 586 2288 nec
608 2221 675 2290 ullo
698 2231 772 2290 ante
794 2219 881 2288 bello
904 2219 997 2286 latius
1019 2219 1094 2288 inde
1116 2232 1206 2288 actae
1228 2241 1317 2311 prae·

210 2323 279 2394 dae.
302 2349 341 2393 ea
363 2325 467 2392 omnis
489 2325 582 2394 militi
603 2325 677 2392 data
694 2306 760 2394 est.
791 2325 989 2395 addebantur
1010 2335 1044 2393 et
1065 2325 1177 2398 laudes
1195 2325 1317 2417 'quibus

229 2475 254 2537 l.
273 2494 369 2553 nequa
387 2477 497 2533 instrui
512 2475 594 2532 acies
609 2483 729 2550 posset:
754 2489 756 2492 ·
863 2473 914 2546 (cl.
932 2475 977 2542 24,
995 2475 1052 2533 47³
1072 2471 1203 2554 Hispanis
1221 2475 1318 2552 dupli-

272 2561 334 2632 ΡΜ.
862 2564 909 2622 cia
927 2562 1029 2620 cibaria
1047 2561 1107 2620 dari
1121 2565 1204 2620 iussa.
1221 2566 1248 2632 7,
1260 2564 1319 2620 sna

228 2650 255 2707 1.
266 2647 397 2728 fugere.-
413 2647 445 2706 P.
464 2680 498 2738 7-
527 2644 610 2712 Mn.
629 2652 669 2712 l.r
687 2649 729 2708 l'u·
861 2649 963 2708 militas
988 2649 1090 2728 duplici
1111 2650 1246 2708 frumento
1271 2649 1319 2706 do-

272 2748 348 2812 gora.
375 2755 412 2794 m.
429 2739 470 2796 3.:
494 2735 605 2814 lugoere.
628 2767 663 2778 -
689 2735 729 2796 lt:
862 2741 944 2808 nati.)
957 2737 1072 2794 -Trea
1085 2736 1321 2796 formaceiusdem

213 2855 214 2860 =
273 2819 403 2880 militibus
419 2826 424 2895 Ι
439 2845 506 2881 cum
522 2823 684 2884 reuocando.
697 2855 729 2870 -·
862 2827 939 2884 vocis
957 2825 1084 2884 videntur
1101 2825 1200 2894 luisse,
1223 2825 1320 2901 dupli-

272 2907 314 2964 lll:
333 2913 524 2988 nequiquam.
541 2943 576 2957 -··
594 2911 617 2970 P
634 2933 670 2973 m.
690 2915 729 2970 1.:
861 2913 956 2981 ciarit,
981 2913 1142 2988 duplicarii
1164 2911 1274 2980 (Varro.
1292 2911 1320 2980 5,

273 3005 441 3075 persecutos.
460 3029 493 3040 —
512 2997 580 3079 Pllzf
595 3000 730 3060 condona.
862 3003 922 3060 son
940 2997 1107 3076 „duplicarii
1125 3000 1200 3070 dicti,
1222 2999 1321 3078 quibus

229 3083 256 3143 7.
273 3081 349 3138 aaut
364 3082 473 3154 salso:
496 3084 538 3155 P]
561 3082 635 3140 band
660 3083 729 3142 falso
863 3087 898 3144 ob
923 3088 1051 3146 virtutem
1074 3087 1191 3166 duplicia
1219 3087 1320 3145 cibaria

274 3167 345 3240 (ld).
364 3190 379 3225 c
391 3213 397 3228 .
409 3165 493 3228 Corn.
503 3165 678 3251 Nepjbpam.
688 3171 730 3232 6.:
865 3183 897 3231 ut
914 3173 1042 3233 darentur
1054 3175 1248 3246 instituturus),
1266 3175 1320 3232 du·

274 3278 359 3326 „cum
383 3255 554 3316 Callistratus
571 3261 644 3320 ..in
670 3279 730 3316 ora·
859 3263 963 3338 plnres
981 3259 1089 3336 (Veget.
1108 3265 1135 3332 d,
1152 3268 1206 3333 ‘Lt

273 3346 347 3402 tione
365 3364 413 3402 sua
431 3347 526 3406 multo
548 3348 671 3405 invectus
689 3365 730 3403 es·
802 3351 846 3409 11.
865 3349 1007 3414 desumus
1024 3353 1167 3428 quiaque:
1184 3347 1321 3411 Pllarl.r.
1358 3405 1363 3424 ,

271 3442 314 3488 set
332 3434 360 3490 iu
376 3432 544 3494 Thebanos“
564 3443 616 3494 cet.
633 3433 730 3494 Timol.
863 3435 941 3497 Laid.
959 3440 999 3511 n]
1018 3438 1138 3496 decimus
1157 3439 1281 3517 quisquc.

273 3520 314 3580 5.:
334 3541 417 3588 „cum
431 3523 576 3580 nonriulla
592 3521 730 3580 invehere·
803 3526 941 3588 13..inter
963 3528 1115 3584 consulem
1137 3544 1174 3582 ac
1194 3525 1321 3579 milites:

274 3613 319 3660 tur
345 3608 374 3660 in
398 3606 590 3672 Timoleonta“
615 3617 664 3670 cot.
695 3607 729 3669 ci.
862 3611 921 3671 PM.
940 3641 975 3652 -
992 3611 1020 3668 ll
1037 3615 1131 3668 m.1.:
1158 3608 1222 3665 lrnic
1240 3616 1321 3666 tanto

274 3710 317 3766 ap.
335 3689 396 3754 Liv.
414 3697 440 3761 3,
455 3696 499 3754 18.
516 3699 560 3767 28,
572 3699 617 3755 32.
635 3699 681 3762 al.
694 3725 729 3742 -ι
864 3697 1034 3766 concordiae.
1051 3716 1087 3758 m.
1105 3699 1145 3756 3.=
1163 3705 1268 3756 tautae.
1284 3727 1319 3738 -··

274 3774 297 3832 P
315 3795 351 3834 m.
373 3781 411 3838 1.:
430 3779 610 3842 desertorum.
637 3803 673 3846 m.
689 3786 730 3846 ‘la
863 3785 886 3844 Ρ
904 3805 940 3843 m.
959 3787 997 3842 1.:
1024 3803 1079 3840 non
1103 3785 1163 3840 ausi
1186 3783 1319 3840 aulercse·

275 3863 450 3924 desertorem.
649 3893 653 3903 ·
865 3874 937 3950 eqni.
955 3889 990 3926 m.
1003 3871 1044 3930 Ἅι
1062 3889 1119 3930 non
1136 3873 1196 3928 ansi
1213 3871 1320 3930 altena

214 3951 257 4010 10.
275 3951 544 4032 dupliciariosque:
571 3955 594 4014 Ρ
616 3955 690 4014 llarl.
713 3977 731 4018 r.
863 3989 899 4005 -
929 3954 957 4015 lll
983 3975 1020 4016 m.
1047 3962 1072 4016 1.
1098 3959 1133 4020 Pr
1166 3979 1217 4038 par
1241 3977 1319 4034 agros

276 4037 353 4098 Laid.
380 4061 398 4101 1.
424 4052 451 4099 et
479 4053 509 4100 ut
535 4044 643 4102 ridetur
670 4044 731 4104 cod.
862 4047 974 4126 passim.

276 4123 385 4200 Rhea]
417 4128 635 4210 duplicariosque
662 4131 731 4204 (ll).
804 4137 846 4195 19.
864 4131 1317 4206 oaomnasitm.n.eod.ttleu.]
