2750 4720
62 238 72 274 ⁸
281 336 284 363 ,
353 315 355 322 ,
548 291 705 352 unsar.
1067 283 1170 362 ¹569

42 458 94 523 de
122 455 306 546 postulatis
321 455 547 530 Gallorumad
570 455 727 547 populum
747 457 969 529 reiciuntnubi
991 456 1082 530 tanto
1097 459 1170 549 plus
1215 426 1220 450 Ι

41 561 171 652 gratia
194 562 298 652 adque
321 572 400 650 op'es
423 561 565 644 valuere,
583 571 634 660 ‘ut'
657 580 793 650 quorum
822 563 862 628 de
884 585 988 653 poena
1011 563 1170 653 agebatur,

40 665 190 754 tribuni
211 666 347 732 militum
374 665 531 733 consulari
559 675 716 757 potestate
744 666 777 764 in
804 666 1024 757 insequentem
1051 686 1170 734 annum

46 782 265 854 crearentur.
305 775 370 860 'quo
392 769 478 838 facto
493 769 579 836 haud
600 765 693 841 secus
710 795 807 861 quam
822 770 951 862 dignum
970 781 1036 837 erat
1056 770 1170 838 infensi
1246 759 1270 822 ff
1292 848 1295 853 ,
1321 851 1323 860 Ι

47 875 153 942 Galli
192 874 310 942 bellum
338 875 504 968 propalam
531 874 686 942 minantes
714 875 755 941 ad
776 893 852 944 suos
873 875 1016 950 redeunt
1054 875 1199 948 tribunin
1242 913 1245 920 ⁴

50 978 212 1045 militum
242 1003 329 1050 cum,
344 981 444 1049 tribus
465 976 569 1047 Fabiis
585 978 693 1069 *creati
721 979 762 1066 Q.
789 977 948 1071 Sulpicius
967 977 1106 1070 *Longus
1128 980 1174 1066 Q

19 1149 23 1156 ,
47 1081 225 1152 Servilius
247 1095 360 1174 quarto
383 1085 452 1154 Ser.
475 1070 641 1156 Comelins
661 1083 898 1176 Maluginensis.
1080 1105 1083 1114 ¹
1247 1087 1248 1092 ’

159 1185 328 1256 XXXVII.
373 1187 456 1256 Cum
477 1197 564 1256 tanta
585 1189 688 1257 moles
709 1189 785 1256 mali
806 1190 938 1280 histaret
950 1203 994 1244 -'-
1014 1189 1095 1258 adeo
1118 1187 1172 1254 oh-

55 1301 186 1360 caecat
213 1293 334 1360 animos
362 1293 504 1378 fortuna,
539 1293 594 1360 ubi
615 1294 682 1360 vim
710 1319 801 1372 suam
827 1295 1025 1386 ingruentem
1046 1291 1172 1382 refringi
1242 1372 1244 1380 y
1367 1299 1369 1306 ‘

55 1421 134 1464 non
158 1396 231 1464 malt
251 1437 295 1452 -
317 1397 427 1466 civitas
449 1423 532 1492 qnae
560 1401 711 1468 adversus
732 1399 917 1467 Fidenatem
945 1423 983 1466 ac
1003 1396 1171 1466 Veientem
1185 1415 1220 1471 10

56 1501 202 1569 hostem
224 1501 367 1592 aliosque
389 1503 539 1572 finitimos
567 1503 707 1595 populos
729 1503 839 1571 ultima
869 1503 1036 1593 experiens
1058 1500 1173 1570 auxilia

10 1691 12 1703 Ι
65 1606 264 1673 dictatorem
285 1606 394 1673 multis
416 1606 655 1697 tempestatibus
685 1606 829 1687 dixitset,
857 1627 896 1670 aa
917 1615 994 1675 tunc
1015 1602 1173 1694 invisitato

65 1719 173 1799 atque
199 1708 340 1776 inaudito
367 1709 462 1786 hoste
490 1709 530 1776 ab
558 1709 689 1778 Oceano
715 1721 935 1799 terrarumque
964 1709 1095 1777 ultimis·
1109 1708 1174 1776 oris

63 1813 196 1880 bellum
218 1813 321 1881 ciente
343 1813 422 1881 nihil
443 1815 668 1882 extraordinari
688 1812 800 1904 imperi
817 1823 872 1880 aut
886 1812 993 1884 auxilii
1008 1812 1172 1904 quaesivit.

11 1907 13 1914 ¹
64 1917 190 1985 tribuni
212 1941 350 2008 (prorum
370 1919 546 1987 temeritate
568 1918 689 1986 bellum
711 1928 908 1985 contractum
930 1928 1006 2001 erat,
1028 1939 1171 1984 summac
1186 1936 1220 1992 15

62 2045 182 2089 rerum
202 2012 384 2114 p'raeemnt,
407 2024 621 2120 dilectumque
644 2022 741 2094 nihilo
764 2021 991 2092 accuratiorem
1013 2045 1110 2114 quam
1132 2021 1173 2088 ad
1274 2019 1277 2033 '

83 2231 110 2294 i.
129 2233 188 2320 ubi
202 2241 285 2292 tanto
294 2237 366 2311 plus
376 2237 478 2316 gratia
489 2199 590 2314 aitque
722 2255 787 2305 „cn.
808 2234 935 2292 aemilius
957 2242 986 2290 et
1007 2253 1031 2292 e.
1048 2230 1187 2315 seruilius

135 2323 589 2402 opeaualnererlll.—P:atquo.
723 2329 816 2384 cosa“.
835 2322 869 2388 al.

85 2409 112 2466 3.
137 2411 179 2480 tr..
192 2410 254 2466 mit.
266 2411 421 2466 consulari
427 2420 590 2484 potestates
678 2415 704 2470 8.
722 2413 798 2468 adeo
817 2414 955 2468 obcaecet
977 2410 1093 2466 animos
1103 2407 1174 2479 for·

140 2487 175 2551 Μ.
190 2517 223 2534 -
236 2492 271 2547 P:
289 2501 324 2553 ti.
334 2494 370 2572 pl.
390 2494 524 2550 consulari
541 2517 590 2572 po·
721 2506 795 2554 tuna
807 2498 857 2552 nbi
869 2497 929 2552 nim
939 2513 1025 2550 suam
1034 2497 1172 2571 ingruen·
1211 2525 1219 2546 .

139 2585 243 2638 testate.
255 2611 289 2621 —
301 2577 350 2636 PM
366 2579 426 2639 cod.
437 2580 524 2640 Rhen.
542 2580 590 2640 al.:
721 2591 779 2639 tem
796 2579 927 2660 refringi
943 2599 1004 2635 non
1019 2579 1098 2636 uult:
1116 2575 1175 2638 ΡΜ.

141 2667 171 2721 in
190 2667 391 2744 insequentem
408 2687 526 2727 annum.
723 2699 758 2710 -
776 2663 850 2726 Harl.
867 2687 885 2726 1.
904 2664 951 2726 al.:
971 2665 1103 2740 restringi.

97 2754 123 2812 4.
142 2751 269 2823 infensi:
286 2751 336 2810 ΡΜ
352 2753 410 2814 rell.
421 2785 454 2798 --
467 2754 590 2812 [luterus
662 2755 704 2814 11.
729 2757 833 2812 ultima
859 2756 1016 2830 experiens
1041 2751 1174 2809 enaiim.-

141 2837 256 2896 malebat
273 2834 395 2902 incensi
724 2840 746 2899 P
765 2863 799 2902 m.
818 2844 844 2901 2.
869 2871 902 2883 -
930 2839 952 2896 P
973 2837 1112 2898 m.1.1t1:
1135 2837 1174 2895 ul·

98 2929 124 2988 5.
142 2933 178 2986 ti.
192 2929 262 2994 Amet.
287 2950 353 2987 enm
376 2932 471 2988 tribur
491 2929 591 3002 fabiis
723 2931 789 2986 time
807 2931 946 3008 experiens
964 2925 1071 2984 auxilia.
1093 2957 1128 2970 -
1146 2924 1175 2981 ‘P

141 3017 247 3073 creati:
264 3014 300 3077 Μ.
320 3051 354 3061 -
372 3018 407 3075 P:
425 3028 458 3078 tr.
474 3018 519 3096 pt·
531 3038 591 3076 cum
722 3037 758 3077 ιιι.
778 3021 802 3077 1.
813 3016 852 3074 tl:
870 3017 1030 3074 inuisitato.
1047 3011 1069 3070 P
1087 3033 1124 3074 ιιι.
1135 3015 1174 3072 2:

93 3099 98 3113 ⁴
139 3103 224 3162 tribus
243 3113 294 3165 cet.
612 3173 616 3182 .
722 3107 860 3167 inusitato.

99 3191 124 3246 6.
139 3189 170 3262 β.
182 3191 332 3265 Sulpicius
341 3196 463 3272 Longus
475 3195 509 3270 Q.
521 3194 591 3254 Ser·
663 3195 706 3254 14.
724 3195 801 3253 nibil
821 3191 1049 3251 emnordinnri
1072 3191 1179 3264 imperi

143 3276 232 3330 uilius
243 3279 431 3350 quanoel'ffl.
444 3311 478 3322 ···
494 3281 590 3345 Baka:
724 3290 778 3338 eut
800 3280 923 3336 auxilii.-
943 3277 971 3332 Μ
987 3297 1022 3336 ιιι.
1043 3278 1067 3334 1.
1085 3275 1115 3335 P.
1140 3286 1179 3319 -⁴

146 3369 292 3434 quartum.
723 3367 755 3423 ln
770 3365 797 3422 Μ
815 3375 856 3421 est
873 3383 908 3422 m.
927 3365 953 3420 Μ.
971 3361 1083 3418 alterum
1101 3365 1114 3418 ἰ
1129 3363 1175 3419 ad·

100 3450 125 3506 7.
142 3445 206 3505 Ser.
231 3448 387 3506 Cornelius
408 3453 592 3532 Maluginen-
724 3455 831 3510 iactum.
854 3450 942 3506 —-·lu
963 3449 1036 3508 Harl.
1054 3469 1071 3510 ι.
1095 3453 1176 3508 omia·

143 3536 200 3592 ais:
227 3533 363 3610 Sigonius.
390 3569 425 3583 -
456 3540 516 3596 Pllr
544 3549 593 3620 „fa
724 3561 785 3598 sum
807 3547 849 3595 ast
866 3546 930 3598 nnt.
960 3536 1031 3595 Num
1052 3533 1178 3604 librarius

72 3627 79 3687 i
147 3621 270 3680 seruilius
292 3624 512 3700 maluginensis“.
546 3627 594 3684 Sic
725 3628 842 3686 voluerit
859 3625 1074 3704 ,‚auxiliique“?

74 3717 79 3784 ξ
143 3713 322 3788 scriptumest
332 3715 358 3780 5,
370 3714 413 3772 47.
424 3715 453 3772 in
463 3714 510 3771 ΡΜ
522 3737 593 3795 „pu
667 3717 710 3774 16.
728 3715 925 3792 dilectumque
947 3702 1040 3772 nihilo
1059 3733 1178 3770 accura-

148 3794 217 3853 blins
235 3798 399 3877 sulpicius“‚
417 3821 477 3860 curn
496 3805 594 3880 „quin-
631 3869 632 3876 ἵ
727 3803 850 3859 tiaram:
872 3803 929 3860 ΡΜ.
957 3833 991 3846 --
1018 3800 1091 3860 Harl.
1112 3820 1129 3860 ι.
1153 3810 1181 3855 et

70 3930 73 3938 .
145 3892 189 3940 tus
199 3884 350 3963 sulpicius“
359 3889 529 3946 scribendum
541 3891 594 3948 lue·
717 3909 796 3954 ,rece
814 3890 936 3966 quidemr
959 3891 1029 3966 „qui
1047 3887 1199 3945 delectum«
1296 3861 1331 3898 '¹

74 4019 78 4034 ,
148 3973 191 4030 rit.
209 3973 305 4043 sicto,
318 3978 341 4032 1.
361 3978 390 4032 in
408 3985 475 4052 optt.
488 3978 595 4052 quibus·
726 3977 767 4045 (t)
791 3995 899 4055 quoque
922 3975 1008 4032 nihilo
1032 3977 1178 4032 accuratio·

147 4079 199 4135 quo
208 4058 285 4118 libris
296 4081 359 4129 „en
373 4063 496 4120 seruilius
510 4071 607 4132 coa.“‚·
729 4070 815 4122 rem“.
828 4087 861 4106 ⁴-
874 4062 947 4123 Harl.
959 4084 989 4122 1.:
1002 4064 1115 4133 „haberi
1127 4063 1180 4122 aol-

147 4165 206 4204 cum
225 4150 355 4223 integrum
374 4150 496 4209 rideatur
515 4150 597 4209 inisse
729 4151 818 4208 licitus
838 4157 928 4210 erar‘.
