2836 4720
217 263 283 334 230
684 273 793 336 utrm
809 274 854 336 m.

217 463 315 531 saepe
337 441 377 507 ab
398 441 562 513 iuventute
589 437 769 508 inconsulte
797 437 881 506 dicte
896 437 1049 530 laetaque
1071 439 1105 506 in
1126 438 1220 508 unius
1241 439 1325 510 Cae-

216 547 304 614 sonis
327 555 512 637 suspectum
535 542 678 631 incidunt
698 543 869 634 ingenium.
890 553 999 611 tamen
1019 542 1083 634 legi
1103 543 1323 616 resistebatur.

216 661 250 718 et
270 651 309 722 A.
331 650 499 740 Verginius
520 648 692 717 identidem
718 648 822 738 plebi:
859 647 999 739 „ecquid
1027 648 1148 724 sentitis
1172 647 1237 716 iam
1259 665 1324 720 vos

90 739 93 751 ¹
216 755 356 842 Quirites
379 755 559 824 Caesonem
580 753 676 820 simul
698 751 801 821 civem
823 765 857 823 et
877 754 982 844 legem
1004 776 1102 844 quam
1127 753 1248 844 cupitis
1265 755 1323 822 be·

178 860 291 928 obera
312 883 379 929 non
400 861 518 952 posse?
552 883 750 951 quamquam
771 858 849 950 quid
870 883 931 950 ego
952 858 1058 948 legem
1080 853 1198 948 loquor
1218 897 1265 908 -
1285 860 1321 927 li-

60 949 68 968 ’
213 965 327 1034 bertati
349 966 474 1050 obstat,¹
487 987 599 1034 omnes
620 962 813 1055 Tarquinios
833 962 981 1056 superbia
1002 974 1185 1053 exsuperat.
1222 987 1321 1056 expe-

213 1081 298 1138 ctate
321 1071 408 1138 dum«
422 1070 536 1140 consul
559 1079 614 1143 aut
640 1069 775 1137 dictator
796 1069 865 1154 fiat,
894 1093 992 1159 quern
1018 1066 1177 1157 privatum
1198 1068 1321 1137 viribus

213 1186 246 1243 et
267 1176 398 1243 audacia
427 1186 613 1267 regnantem
633 1173 779 1242 videtis“.
815 1173 1073 1242 adsentiebantur
1099 1172 1192 1240 multi
1212 1175 1319 1265 pulsa·

54 1357 63 1368 .
211 1291 276 1346 tos·
285 1303 321 1348 se
343 1291 522 1371 querentes,
544 1289 578 1350 et
598 1279 761 1348 tribunum
783 1279 825 1348 ad
845 1304 915 1356 mm
935 1277 1150 1370 peragendam
1171 1277 1257 1346 ultro
1273 1279 1318 1345 in-
1349 1331 1354 1340 .

164 1395 204 1450 1o
212 1382 360 1451 citabant.

154 1486 156 1495 '
298 1487 368 1556 XII.
412 1489 481 1557 lam
507 1490 618 1558 aderat
639 1487 755 1558 iudicio
784 1487 852 1554 dies
880 1486 1118 1579 apparebatque
1139 1486 1236 1580 vulgo
1258 1487 1316 1556 ho
1372 1491 1374 1498 ’

209 1590 312 1660 mines
335 1593 368 1660 in
390 1593 593 1664 damnatione
615 1591 969 1663 Caesonislibertetem
995 1589 1045 1682 agi
1070 1591 1210 1660 eredere.
1246 1602 1317 1662 aun

209 1696 341 1766 demum
371 1711 502 1768 coactus
530 1701 735 1782 eum'multa
763 1695 946 1788 indignitate
973 1695 1143 1788 prensabat
1163 1694 1318 1788 singulos.

209 1802 426 1892 sequebantur
447 1805 618 1872 necessarii
639 1803 799 1896 principes
815 1800 959 1870 civitatis.
981 1799 1075 1868 'litus
1091 1801 1240 1887 Quintius
1258 1801 1317 1870 Ge

160 1917 194 1974 15
207 1902 359 1993 pitolinus
381 1945 426 1956 —
448 1907 503 1998 qui
530 1919 580 1976 ter
606 1909 720 1976 consul
747 1907 853 1976 luerat
871 1943 917 1956 —·
944 1929 1021 1974 cum
1054 1905 1156 1972 mtrlta
1184 1907 1318 1976 referret
1413 1919 1414 1924 ’

139 1998 140 2007 ’
208 2031 266 2074 sua
289 2009 492 2103 familiaeque
516 2013 647 2096 decora,
674 2011 863 2085 adfirmabat
884 2033 991 2100 neque
1015 2010 1049 2077 in
1071 2011 1199 2097 Quintia
1221 2024 1318 2102 gente

204 2134 312 2202 neque
333 2113 367 2180 in
389 2115 520 2183 civitate
534 2117 680 2183 Romana
700 2126 825 2182 tantam
845 2114 990 2182 indolem
1010 2126 1079 2182 tam
1092 2127 1236 2185 manuae
1257 2117 1318 2184 vir-

203 2215 280 2284 tutis
308 2241 463 2310 umquem
491 2220 648 2304 extitisse,
687 2244 783 2288 suum
804 2218 944 2311 primum
970 2217 1103 2286 militem
1131 2219 1245 2304 fuisse,
1278 2245 1316 2290 se

190 2329 300 2412 ‚saepe
322 2322 450 2392 vidente
475 2347 634 2415 pugnasse
656 2323 688 2392 in
710 2325 848 2394 hostem.
887 2323 946 2417 sp.
967 2323 1082 2390 Ebrius
1110 2323 1216 2420 ipsum
1242 2326 1315 2395 mis

110 2455 117 2464 ·
156 2438 276 2494 susum
304 2428 344 2495 ab
367 2429 499 2516 Quintio
529 2428 711 2520 Capitolino
738 2429 798 2497 sibi
827 2454 903 2498 eum
930 2429 964 2499 in
992 2428 1096 2495 dubiis
1123 2430 1189 2496 suis
1216 2426 1314 2500 rebus

204 2531 330 2599 venisse
359 2534 517 2606 subsidio:
554 2534 717 2602 neminem
743 2558 845 2602 uuum
873 2558 949 2626 esse,
972 2534 1062 2602 cuius
1089 2534 1189 2624 magis
1204 2531 1313 2628 'opera

202 2639 295 2728 putet
313 2661 386 2706 rem
412 2639 600 2712 restitutam.
638 2637 676 2708 L.
697 2637 864 2708 Lucretius
893 2639 1008 2708 consul
1036 2639 1109 2713 anni
1130 2640 1243 2730 prioris
1264 2666 1311 2709 re·

93 2745 98 2808 Ι
202 2742 286 2810 centi
313 2742 412 2834 gloria
445 2744 550 2813 nitens
578 2767 653 2813 suas
686 2744 799 2814 leudes
830 2745 1019 2837 participare
1052 2767 1127 2812 cum
1155 2745 1311 2829 Caesone,
1414 2817 1415 2820 ,

218 2915 245 2974 3.
264 2925 304 2979 et,
319 2919 356 2975 Α.
384 2918 563 2997 Verginius:
593 2919 662 2992 ΡΜ]
692 2930 721 2977 et
792 2924 835 2980 17.
854 2918 1001 2975 indolem:
1026 2916 1050 2974 P
1071 2939 1107 2979 m.
1130 2895 1156 2981 2.
1174 2919 1209 2982 Μ
1232 2921 1308 2981 indo·
1414 2959 1415 2970 .

259 3000 293 3059 A.
317 3001 393 3077 Virg.
422 3034 457 3045 -
491 3003 524 3060 In
546 3003 621 3064 llarl.
645 3025 664 3066 1.
690 3016 720 3065 et
851 3005 924 3072 lam:
943 3005 965 3062 Ρ
982 3025 1018 3064 m.
1038 3009 1064 3064 1.

261 3088 391 3144 omissum
409 3096 458 3147 est.
782 3096 833 3155 19.
851 3092 904 3168 Sp.
922 3091 1034 3152 Furius
1053 3095 1148 3168 iprum
1170 3098 1308 3156 missum.-

139 3207 141 3212 '
208 3228 243 3250 ·-.
261 3198 371 3273 ecquid
388 3199 519 3256 sentitis:
542 3198 591 3256 PM
608 3199 682 3260 llarl.
699 3222 717 3264 r.
851 3179 984 3252 V⁰⁸⁸·¹¹·l
1004 3179 1053 3259 sl'·
1072 3179 1170 3239 purim
1187 3186 1308 3244 ulmum·
1414 3209 1415 3216 ’

262 3317 296 3328 -
314 3283 392 3344 Leid.
404 3304 436 3344 n:
455 3295 484 3343 et
501 3287 566 3364 quid
584 3288 702 3347 sentitis.
851 3299 886 3310 ·“
908 3265 957 3324 ΡΜ
973 3267 1048 3327 3⁸¹¹·
1066 3287 1083 3328 ¹·
1104 3268 1182 3331 Leid·
1201 3291 1233 3331 Η
1263 3293 1307 3348 ⁸1¹·
1369 3301 1378 3314 “

788 3413 790 3426 ,
844 3354 965 3427 furium
991 3358 1088 3432 ipsum
1114 3359 1246 3418 mireum.
1273 3392 1307 3402 -

849 3440 895 3502 ΟΡ.
911 3446 939 3512 Ρ,
957 3443 1015 3504 lt:
1031 3464 1111 3522 quem
1129 3447 1224 3520 ipsius
1242 3447 1307 3502 eius

849 3529 974 3606 collegae.

786 3619 830 3678 21.
849 3622 994 3676 neminem
1012 3637 1100 3675 unum
1117 3635 1184 3672 esse
1201 3617 1303 3673 cuius.-

847 3703 882 3764 lll.
901 3708 1044 3763 nminem
1056 3721 1145 3758 unum
1156 3703 1256 3759 cuius:
1273 3703 1303 3764 P.

785 3795 829 3853 22.
845 3802 929 3869 pretet
950 3811 1011 3847 rem
1034 3787 1215 3847 restitutam.-
1243 3791 1302 3852 ΡΜ.

198 3853 241 3908 ¹2¹
259 3851 395 3909 mdm'
413 3852 448 3912 Μ’
468 3857 604 3916 medem*
629 3862 660 3922 Ρ·
679 3895 713 3907 ·“
848 3899 905 3936 rem
924 3879 1073 3934 restitutam
1090 3887 1179 3954 putet:
1199 3878 1271 3936 llarl.
1283 3899 1300 3938 ι.

258 3939 294 3996 Ρῗ
309 3940 449 4017 ΡΜΡΡΜ·
463 3974 496 3986 “
508 3943 582 4005 Hul-
594 3967 628 4008 ¹·²
648 3971 713 4008 cum
793 3993 835 4010 —-·
848 3969 881 4024 L.
891 3967 1063 4027 lucretius.-
1078 3963 1156 4025 Leid.
1165 3986 1182 4026 r.
1197 3967 1230 4025 cs.
1239 3967 1300 4033 3,8.

257 4028 442 4108 indignitate·
848 4083 882 4098 ·-
903 4052 951 4110 ΡΜ
970 4049 1043 4113 Harl.
1061 4073 1093 4113 nt
1116 4073 1145 4129 p.
1164 4054 1297 4112 lucretius.

196 4131 238 4188 16.
258 4132 383 4189 decoro.-
400 4133 429 4194 P.
447 4133 582 4194 decorae:
600 4138 635 4197 ll.
846 4146 900 4202 cis.

215 3395 242 3454 5.
262 3417 445 3475 quamquam
464 3399 540 3477 quid
551 3420 607 3480 ego
620 3401 716 3480 legem

260 3485 385 3560 loquor.-
407 3485 435 3542 Μ
453 3494 480 3542 et
502 3487 560 3548 rell.
583 3488 662 3547 codd.
682 3519 715 3530 -

165 3585 172 3597 ·
258 3567 295 3622 P:
323 3589 504 3649 quamquam
533 3595 588 3655 ego
619 3577 716 3655 legem

166 3669 179 3706 t
256 3655 715 3738 loquor.-Plll:expeetatedum

258 3745 314 3800 eds.
332 3751 378 3798 aut
396 3742 512 3803 dictator
529 3749 585 3810 fiat.

524 4355 533 4399 l
