2756 4720
214 263 281 337 454
675 271 853 335 ausura.

213 442 310 513 sulani
332 449 489 533 potestate
512 435 650 529 Agrippa
666 435 816 506 Menenio
831 434 952 506 lunato
974 449 1007 506 et
1021 435 1058 505 L.
1073 435 1234 508 Servilio
1255 440 1368 509 Stru-

215 560 269 618 cto
292 559 326 616 et
345 547 382 614 P.
403 543 551 612 Lucretio
574 541 759 634 tticipinno
781 579 826 594 --
847 542 962 612 iterum
984 541 1133 610 omnibus
1156 544 1201 612 iis
1235 584 1298 596 —
1327 559 1364 616 et

213 651 331 744 Spurio
353 648 486 720 Veturio
509 646 640 734 Crasso,
667 659 700 716 et
726 646 914 740 insequente
942 671 1025 716 anno
1053 647 1092 718 A.
1120 647 1360 741 Sempronio

212 755 357 824 Atratino
380 754 508 824 tertium
534 763 568 824 et
595 753 719 822 duobus
740 753 856 824 iterum
876 753 922 821 Μ
945 752 1070 846 Papirio
1091 751 1289 845 Mugilano
1320 769 1356 824 et

176 861 269 952 sSp.
292 858 411 930 Nautio
432 858 556 944 Rutilo,
582 857 745 928 biennium
766 858 954 952 tranquillae
981 869 1132 928 externae
1160 883 1245 944 res,
1281 861 1351 928 dis

214 965 321 1036 cordia
345 963 433 1032 domi
454 988 496 1033 ex
518 964 642 1057 spuriis
663 963 786 1057 legibus
807 963 877 1032 ierit.

299 1069 441 1140 XLVIII.
485 1069 681 1138 Trubatores
707 1068 795 1160 vulgi
826 1079 917 1138 erant
941 1067 999 1160 Sp.
1026 1066 1175 1138 Mecilius
1205 1080 1346 1160 quarto

168 1158 197 1211 ·
211 1187 244 1246 o
269 1175 411 1244 neonus
451 1173 545 1244 toruo
585 1174 701 1245 aram
739 1175 842 1270 plebis
882 1173 978 1242 nuno
1019 1172 1170 1242 annuos
1214 1175 1342 1242 creas.

272 1347 623 1428 allaccepemut-Plle
641 1352 727 1428 captia
859 1361 912 1421 tur,
929 1347 1337 1428 sicutlroclocoianrimo

274 1437 410 1496 lauicanis
433 1459 465 1495 ac
485 1437 585 1496 deinde
609 1437 727 1498 tribunis
857 1439 955 1516 pario,
973 1435 1037 1493 (lein
1054 1436 1166 1512 spurio.

273 1525 388 1584 militum
423 1525 574 1606 consulari⁸
593 1535 727 1606 potestate
814 1528 841 1588 3.
859 1535 888 1585 et
905 1526 1078 1602 insequente
1093 1542 1191 1580 anno.-
1211 1522 1280 1585 Pit
1294 1555 1333 1568 -

271 1615 382 1691 agrippa
403 1615 528 1672 menenio
551 1611 641 1672 lanato
662 1621 691 1671 et
707 1611 726 1674 l.
859 1612 900 1673 tl:
923 1611 1093 1688 asempronio
1116 1611 1240 1668 atratino
1269 1622 1329 1668 ter·

268 1702 315 1771 (iu
344 1698 372 1758 tt
400 1701 502 1760 moidit
529 1701 582 1772 L.)
615 1700 726 1760 seruilio
859 1701 937 1762 tium.
953 1697 990 1756 P:
1008 1699 1200 1776 asempronio
1221 1709 1328 1758 atrata

269 1798 374 1847 structo
402 1799 452 1850 cet.
476 1820 511 1832 -
537 1789 666 1864 Sigonius
692 1807 726 1850 ax
858 1786 1101 1850 tino.terttum.-
1119 1785 1155 1846 1¹:
1174 1805 1214 1846 m.
1232 1807 1325 1865 papy-

269 1894 320 1937 suo
338 1875 409 1934 libro
421 1875 456 1934 ad
466 1885 615 1953 potestate
625 1875 725 1934 addere
858 1878 902 1938 rio
924 1872 1068 1952 mugilano.
1102 1871 1135 1930 lu
1155 1871 1184 1930 lll
1206 1895 1324 1952 quoquc

271 1963 358 2022 voluit
382 1965 504 2032 mestis,
536 1984 590 2042 qno
616 1962 724 2044 suppls-
856 1957 1321 2044 mugilano.-Proertiloscrlv

269 2060 360 2108 mento
378 2069 448 2128 opus
465 2069 522 2108 non
539 2059 589 2112 eat.
606 2085 642 2099 «-
658 2049 723 2110 Pit:
847 2060 934 2128 ¹ptum
951 2050 1039 2112 estin
1055 2046 1079 2104 Ρ
1095 2065 1131 2108 m.
1146 2050 1183 2107 l.:
1201 2047 1317 2108 rutulio.

269 2139 368 2195 iterum
386 2138 512 2198 omnibus
530 2138 595 2200 tin.
631 2137 676 2200 Cf.
697 2141 724 2206 4,
854 2137 931 2195 Pm.
949 2138 976 2198 2.
994 2134 1035 2193 tt=
1053 2133 1155 2192 rutilio.
1193 2207 1196 2214 ,

267 2224 312 2282 48.
329 2223 372 2280 tii
389 2225 419 2280 in
436 2223 467 2292 P,
485 2226 510 2280 it
525 2226 555 2280 in
572 2224 609 2282 it.
627 2224 662 2282 al.
812 2227 840 2284 7.
855 2225 1026 2280 turbatores
1044 2221 1144 2298 uulgi:
1165 2217 1197 2278 Ρ.
1218 2250 1254 2268 «-
1271 2219 1313 2278 tt:

223 2307 250 2367 2.
269 2317 298 2366 et
315 2307 427 2386 Spurio
445 2309 570 2370 Veturio
593 2311 723 2382 Crasso]
856 2311 1010 2370 turbatoros
1028 2307 1110 2384 uulgi.

267 2404 295 2450 ot
311 2393 361 2475 Sp.
383 2394 487 2454 Rutilio
510 2393 612 2454 Crasso
634 2393 723 2468 (ΡΜ).
802 2427 837 2443 -
854 2397 908 2474 Sp.
926 2395 1072 2456 Metilius.
1082 2397 1188 2472 quarto
1206 2395 1309 2454 atMc-

264 2481 350 2540 Recte
374 2482 482 2542 virimar
503 2482 632 2561 Sigonius
654 2483 723 2542 Dio·
854 2487 939 2545 tilius
964 2485 1068 2555 tertio]
1093 2481 1186 2560 Spurii
1210 2479 1309 2540 Maeci·

265 2567 363 2627 dorum
386 2571 455 2644 (13,
472 2573 517 2642 7.)
538 2582 647 2635 secutus
669 2571 722 2631 Ve-
809 2632 814 2643 ,
853 2571 906 2632 lias
924 2579 1049 2651 quartum
1075 2579 1102 2627 et
1116 2567 1233 2628 llletilius
1252 2577 1307 2626 ter·

265 2657 330 2713 turii
347 2675 446 2714 nomen
463 2659 632 2730 restituisse,
660 2681 721 2718 cum
853 2662 931 2724 tium.
948 2691 983 2705 -
1005 2655 1068 2715 PM:
1085 2663 1127 2736 sp.
1150 2653 1200 2726 (Px
1218 2676 1241 2716 s.
1257 2661 1304 2735 p.)

264 2739 428 2804 Betilienum
444 2763 511 2820 geas
532 2747 638 2824 plebeia
655 2745 720 2806 luis·
773 2741 778 2752 ’
851 2746 973 2808 metilius
985 2743 1239 2824 quartoametilius
1247 2754 1302 2800 ter·

265 2838 308 2885 set
331 2841 359 2886 et
376 2831 470 2890 Crassi
494 2853 643 2910 cognomen
664 2853 720 2894 uon
850 2835 899 2894 tio.
922 2865 957 2883 -ν
982 2829 1300 2908 Sigonlut‚011ml10lffi

263 2915 298 2970 ad
320 2915 438 2976 Rutilios
461 2920 512 2976 sed
536 2919 570 2976 ad
593 2920 719 2979 Veturios
851 2921 954 2980 tribuni
987 2939 1151 2998 praenomen
1188 2917 1297 2986 deesset,

262 3001 418 3075 pertineret.
452 3005 490 3059 Et
510 3025 591 3080 quem
609 3007 644 3062 ad
662 3027 718 3062 mo·
851 3007 957 3083 Spurii
967 3007 1002 3066 ad
1014 3005 1296 3086 utrumquetribunuru

262 3084 326 3141 dum
343 3089 370 3154 t,
388 3089 432 3146 46.
444 3088 474 3145 in
486 3099 554 3165 optt.
566 3092 718 3168 quibusque
849 3093 945 3152 relerri
966 3094 1065 3152 voluit:
1095 3093 1125 3154 irl
1147 3091 1215 3172 quod
1230 3093 1295 3150 milri

260 3169 337 3229 libris
355 3175 500 3250 sulpicius
511 3197 562 3252 pro
574 3179 717 3238 seruilius
847 3179 912 3238 huic
928 3179 989 3237 loco
1005 3183 1096 3243 miuus
1120 3190 1207 3260 aptum
1222 3179 1292 3239 vide·

262 3271 375 3337 propter
403 3261 538 3338 quandam
566 3261 716 3324 litterarum
848 3279 902 3333 tur.
931 3267 1048 3326 Facilius
1065 3268 1203 3328 videbatur
1220 3269 1246 3323 in
1263 3287 1292 3323 re

260 3347 465 3408 similitudinem
482 3352 612 3426 seriptum
631 3351 716 3410 luisse
847 3356 928 3415 (lubia
940 3375 970 3415 m
987 3364 1015 3412 et
1026 3356 1160 3414 excidisse
1170 3363 1227 3412 anto
1236 3374 1290 3412 me·

261 3433 388 3506 vidimus,
405 3438 581 3518 sichoeloco
600 3461 632 3498 eo
651 3441 715 3500 leol-
846 3445 931 3504 tilius
949 3453 977 3500 et
995 3445 1100 3500 restitui
1121 3460 1211 3523 posse,
1234 3462 1289 3498 oum

260 3519 313 3576 lius
326 3527 411 3583 errari
419 3535 537 3602 poterat,
555 3545 615 3586 oum
627 3529 713 3586 tn‘an.
846 3533 1005 3604 praesertim
1024 3531 1058 3587 ab
1079 3530 1130 3588 hac
1151 3529 1288 3606 gantehoc

257 3607 342 3681 tiquis
360 3607 437 3668 libris
459 3611 531 3672 haud
553 3635 613 3672 raro
632 3627 713 3676 nutu·
843 3628 1008 3696 praenomen
1020 3639 1074 3674 non
1087 3627 1159 3674 esset
1175 3615 1285 3694 alienum.

260 3692 320 3754 lius
332 3711 382 3776 pro
395 3698 515 3756 rutilius
528 3705 658 3780 scriptum
671 3725 712 3762 re·
843 3704 887 3765 Οἱ.
901 3709 934 3774 5,
946 3708 988 3761 11.
1013 3707 1057 3774 ⁵22,
1073 3707 1118 3766 25.
1153 3703 1221 3762 Iden
1237 3703 1286 3762 hoe

258 3781 392 3861 periratus
416 3793 444 3840 et
467 3789 625 3864 saepissime
642 3792 713 3850 litte·
845 3792 885 3850 M.
902 3801 1038 3850 servatum
1056 3801 1099 3848 est
1116 3791 1237 3850 inLovul.
1249 3795 1283 3858 3..

258 3886 304 3923 rae
321 3869 335 3925 l
351 3879 412 3926 etr
430 3874 501 3931 iuter
517 3893 548 3929 se
566 3875 711 3936 confuude-
842 3893 1003 3958 quamquain
1026 3880 1066 3937 ibi
1087 3882 1212 3954 seriptum
1227 3897 1282 3935 ease

258 3963 359 4018 rentur.
370 3957 405 4013 ad
413 3957 467 4016 lroc
475 3965 627 4032 accesserit,
638 3965 710 4042 qaod
843 3965 941 4024 dieitur
951 3976 1002 4036 „et
1009 3965 1044 4026 ll.
1055 3965 1173 4027 Cecilius
1181 3964 1249 4024 tertio
1256 3969 1286 4048 ‘t‘

257 4059 421 4116 praenomen
450 4047 523 4107 illias
549 4052 602 4111 viri
628 4051 710 4108 morlo
841 4051 1022 4113 Nihilominus
1040 4065 1128 4133 tauron
1146 4052 1279 4112 meliusvi·

256 4145 301 4200 ap.
324 4131 405 4188 modo
429 4139 552 4207 spurius
576 4137 708 4194 scriheba·
841 4138 920 4197 detur
936 4141 989 4200 lroc
1000 4141 1084 4200 altero
1097 4140 1158 4198 looo
1171 4148 1277 4216 utsacpe
