2832 4720
251 316 318 385 272
716 329 825 388 ulnus
840 328 886 390 lll.

252 493 363 561 uilium
392 489 574 562 cedentibus
605 491 638 558 in
663 492 767 562 vicem
795 492 1006 584 appellatione
1038 491 1227 562 decemviris
1260 518 1370 585 quae·

249 599 351 666 rebat.

337 699 474 770 XXXV.
528 701 704 792 Postquam
730 725 807 770 vero
835 701 962 770 comitia
989 701 1175 770 decemviris
1205 705 1366 772 creandis

250 807 284 873 in
303 806 422 874 trlnrun
442 806 620 874 nundinrun
639 806 754 874 indicta
781 815 871 889 suut,
902 816 990 874 tanta
1017 806 1135 874 exarsit
1161 806 1302 875 ambitio
1328 820 1365 876 ut

215 909 404 1002 5prirnores
433 933 562 1002 quoque
591 909 724 978 civitam
752 951 796 964 -
822 923 913 980 metu
934 911 1030 978 credo
1058 911 1201 978 uetanti
1224 936 1363 1002 posses

250 1014 298 1083 sio
321 1015 445 1107 imperii
466 1039 569 1084 vacuo
592 1015 631 1083 ab
655 1039 690 1082 se
712 1016 821 1086 relicto
844 1015 918 1083 loco
941 1014 1027 1082 haud
1049 1015 1125 1084 satis
1142 1015 1243 1106 dignis
1266 1029 1361 1108 pate

248 1130 298 1186 ret
318 1158 363 1173 -
385 1131 569 1210 prensarent
594 1119 755 1204 homines,
772 1115 943 1188 'honorem
969 1141 1094 1186 summa
1117 1125 1182 1211 ope
1206 1145 1226 1186 a
1248 1144 1286 1188 se
1311 1121 1358 1190 in·

248 1235 425 1314 pugnatum
447 1224 486 1290 ab
510 1247 548 1292 ea
570 1223 665 1314 plebe
690 1247 765 1292 curn
792 1247 855 1316 qua
888 1225 1130 1309 contenderent,
1163 1224 1357 1314 suppliciter

248 1339 404 1418 petentes.
427 1327 555 1396 dimissa
576 1328 641 1396 iarn
662 1327 695 1394 in
717 1328 884 1396 discrimen
905 1327 1037 1418 dignitas
1061 1353 1098 1398 ea
1115 1339 1218 1398 aetate
1232 1329 1353 1421 hisque

202 1447 237 1502 10
248 1431 423 1500 honoribus
445 1433 522 1501 actis
539 1433 722 1502 stimulabat
731 1432 871 1524 Appium
882 1421 1067 1500 Claudiurn:
1089 1433 1227 1502 nescires
1241 1446 1352 1502 utrum

247 1533 328 1602 inter
351 1538 547 1607 decemviros
571 1563 611 1606 an
631 1540 713 1608 inter
733 1537 916 1606 candidatos
937 1561 1130 1608 numerares.
1151 1539 1284 1630 propior
1305 1539 1349 1606 in

246 1640 373 1708 terdrun
398 1645 538 1734 petendo
567 1669 663 1737 quarn
691 1642 830 1735 gerendo
853 1641 1048 1732 magistratui
1076 1653 1158 1710 erat:
1192 1644 1348 1712 criminari

248 1745 426 1834 optimates,
449 1749 603 1818 extollere
626 1750 867 1818 candidatorum
887 1745 1085 1816 levissimum
1107 1771 1270 1840 quemque
1291 1750 1346 1816 hu-

164 1983 170 1998 ·
285 1971 363 2046 ',‚C.
389 1974 534 2046 Claudius,
561 1978 608 2054 qul
632 1995 759 2056 perosus

308 2061 520 2122 decemvirorum
529 2063 628 2122 seelera
636 2071 653 2098 “
662 2075 712 2125 cet.
725 2064 759 2127 al.

309 2181 344 2192 -
362 2149 393 2224 lu
411 2151 433 2207 P
449 2153 538 2228 primo
556 2155 685 2232 scriptum
702 2159 761 2209 erat

308 2235 394 2294 haud
409 2257 496 2294 secus
514 2257 625 2317 regum,
649 2238 698 2300 sed
716 2260 759 2296 ea·

308 2321 369 2379 dem
386 2344 422 2382 nr.
435 2323 497 2381 dein
508 2324 627 2384 additum
637 2336 678 2383 est
688 2331 759 2404 quei.

265 2409 290 2470 1.
308 2411 478 2468 cedentibus
501 2414 532 2468 in
550 2415 642 2470 uicem
660 2415 759 2490 appel·

306 2499 418 2556 latione
440 2500 554 2557 nutris:
581 2499 630 2558 ΡΜ
651 2513 678 2560 et
701 2501 759 2562 rell.
839 2531 841 2539 ·

306 2583 405 2658 codd]
433 2587 589 2646 cedentibus
615 2593 645 2648 in
671 2594 759 2652 uicem

306 2671 479 2751 appellationi
506 2684 555 2735 cet.
582 2710 616 2746 7-
643 2677 759 2738 Datirus

306 2762 353 2836 qui
371 2761 550 2832 desideratur,
573 2765 602 2820 iu
620 2767 710 2824 vorbis
729 2770 760 2825 in

306 2850 399 2905 uicem
416 2851 500 2906 inest:
520 2861 547 2906 et
559 2851 759 2929 appellatione

302 2931 355 2989 hoc
372 2934 433 2992 loeo
451 2936 524 2994 idem
546 2937 603 2996 lere
625 2941 759 3016 siguificat

273 3016 281 3029 '
307 3019 381 3094 quod
410 3025 459 3090 „si
487 3026 549 3100 quis
579 3027 757 3103 appellatione

305 3113 456 3166 uteretur“.
486 3119 559 3166 reete
581 3122 672 3169 contra
690 3117 756 3170 scri·

304 3201 382 3271 ptum
400 3203 441 3250 est
459 3197 490 3264 6,
509 3199 568 3256 dd:
599 3201 624 3256 sl
637 3244 644 3259 .
656 3243 663 3258 .
675 3201 757 3256 inter·

181 3286 185 3298 '
304 3282 420 3339 cessioni
438 3282 607 3360 conlegarum
625 3286 729 3346 cedunt.

259 3369 286 3428 d.
304 3370 454 3441 intrinum
465 3374 645 3431 nundinum.-
662 3373 755 3434 Pcod.

303 3455 390 3517 Rben.
408 3490 442 3502 -
465 3457 505 3517 lll:
525 3463 670 3519 lutrinum
687 3483 755 3518 nun·

302 3543 414 3606 (linium.
432 3545 467 3606 cl.
485 3547 598 3624 Quintil.
618 3552 643 3618 2,
658 3551 684 3610 l.
695 3553 753 3610 35.:

301 3631 373 3686 trino
391 3632 462 3690 sorte
479 3637 609 3695 nundino.

258 3715 284 3772 5.
299 3719 447 3790 primores
470 3744 588 3801 quoque
609 3725 754 3783 ciuitatis:

302 3801 338 3861 tt:
356 3837 385 3846 -
408 3804 444 3863 P:
463 3809 593 3870 ciuitates.

258 3888 285 3948 6.
303 3909 397 3950 nocuo
424 3893 462 3950 ob
485 3916 518 3952 se
544 3901 645 3956 relicto
672 3900 754 3958 locor

303 3975 360 4038 ΡΜ.
373 4011 407 4022 -
418 3976 491 4038 Harl.
509 4001 541 4042 t:
560 4005 595 4040 na
611 3989 679 4043 tanti
690 4007 753 4064 pos·

301 4067 388 4123 sessio
411 4068 516 4147 imperii
540 4092 636 4132 uacua
662 4075 695 4130 ab
721 4081 752 4130 se

301 4153 404 4211 relicto
421 4155 492 4215 baud
510 4163 576 4218 satis
600 4159 687 4237 dignis
705 4182 751 4239 pa·

898 1984 975 2035 teret.
1001 2007 1035 2018 -
1061 1973 1096 2034 P:
1119 1987 1244 2054 pensaret
1260 1977 1342 2035 homi·

892 2081 949 2122 nes.
976 2061 1115 2122 ttm.1.:
1142 2075 1280 2143 prensaret
1297 2065 1341 2123 ho·

891 2153 987 2208 mines.
1004 2149 1032 2208 Μ
1050 2169 1086 2212 m.
1104 2153 1143 2210 3.:
1162 2159 1308 2231 prensaret.

847 2262 874 2320 8.
891 2279 959 2318 eum
982 2281 1043 2338 quo
1066 2263 1274 2328 contenderent
1299 2265 1338 2334 (h.

892 2367 916 2408 e.
927 2348 1089 2405 contendere
1100 2353 1230 2408 solerent
1239 2351 1280 2408 vel
1292 2353 1338 2408 de·

891 2437 1021 2506 berentlr
1044 2435 1093 2492 ΡΜ
1107 2435 1180 2496 Harl.
1189 2457 1207 2497 r.
1220 2437 1295 2498 held.
1304 2441 1337 2512 1.]

891 2543 951 2580 sum
971 2543 1023 2600 qua
1042 2524 1240 2587 contenderant
1257 2527 1338 2584 -lu

890 2610 1104 2670 contenderant
1137 2615 1249 2684 inesset,
1283 2623 1338 2672 turu

891 2699 1020 2776 temporis
1032 2701 1085 2756 iam
1095 2698 1172 2758 finita
1184 2700 1265 2760 luisse
1282 2723 1337 2759 cer·

890 2787 989 2844 nmina
1011 2796 1118 2865 patrum
1136 2807 1196 2846 curu
1213 2789 1297 2866 plebe
1339 2797 1344 2802 '
1398 2839 1399 2844 ,

845 2923 871 2980 9.
890 2921 1031 2978 ultonissa:
1045 2922 1094 2981 ΡΜ
1105 2925 1178 2985 llarl.
1189 2946 1206 2986 1.
1219 2926 1290 2988 Leid.
1299 2931 1334 3001 1.]

891 3006 1007 3066 demissa
1027 3009 1118 3079 (flarl.
1135 3010 1163 3072 11ss
1168 3018 1179 3083 )

836 3149 870 3161 -
888 3139 925 3176 eo
941 3129 1040 3177 aetate
1057 3119 1164 3198 bisque
1178 3124 1333 3182 bonoribus

889 3209 979 3264 ostis:
998 3207 1047 3264 ΡΜ
1058 3208 1130 3269 Harl.
1139 3230 1156 3270 1.
1173 3209 1248 3269 Laid.
1259 3231 1276 3270 r.
1285 3209 1330 3283 el]

888 3314 919 3352 ea
938 3304 1023 3352 aetate
1039 3297 1126 3374 iisque
1148 3297 1212 3358 hon.
1231 3307 1277 3358 cet.
1299 3331 1331 3342 -

887 3382 1003 3462 Hisque
1020 3387 1133 3442 maxima
1145 3387 1173 3443 vl
1185 3385 1282 3444 dietum
1293 3396 1331 3444 est

889 3474 982 3540 (μου
1004 3472 1066 3532 dem
1088 3472 1164 3530 Alter
1187 3473 1243 3531 und
1267 3474 1330 3530 nach

886 3553 1059 3638 Verwaltung
1087 3581 1118 3618 so
1148 3559 1233 3617 bobes
1255 3561 1329 3616 ilem·

886 3650 983 3717 ter“):
1002 3647 1085 3704 multo
1104 3650 1182 3704 etiarn
1195 3648 1291 3703 maiore
1301 3648 1327 3704 vl

888 3751 967 3808 quarn
987 3735 1029 3802 10,
1042 3737 1067 3793 3.
1086 3733 1132 3790 ubl
1146 3735 1197 3790 ita:
1216 3733 1270 3809 „Q.
1281 3731 1326 3790 Fa-

886 3816 960 3874 bium
978 3838 1009 3873 ea
1027 3829 1112 3876 aetate
1130 3831 1209 3900 atque
1231 3824 1267 3880 eis
1283 3821 1327 3879 bo·

886 3904 996 3960 noribus
1020 3903 1129 3962 Valerio
1156 3911 1326 3971 subiectum“.

885 4021 919 4032 -
946 3987 986 4046 ll:
1007 3994 1132 4050 ‘uesdres
1155 4006 1244 4054 utrum
1262 4001 1326 4054 inter

884 4097 910 4134 x.
933 4078 1009 4136 uiros
1032 4099 1066 4136 au
1089 4081 1165 4138 inter
1179 4087 1185 4154 Ι
1201 4085 1267 4140 dum
1282 4103 1323 4160 pe·

885 4163 965 4222 tendo
985 4186 1063 4244 quarn
1080 4167 1197 4242 gerendo
1216 4177 1261 4243 eet.
