2756 4720
215 273 280 344 518
341 381 348 392 .
669 261 855 342 enervi

213 449 269 520 bili
291 447 432 541 pernicie
454 445 582 539 quando
604 467 665 514 nec
687 465 784 514 cansa
803 465 864 512 nec
884 441 957 512 linis
978 438 1234 523 inveniebatur,
1279 441 1354 508 libn'

215 553 361 646 Sibyllini
383 563 576 628 exsenatus
598 547 746 620 consulto
768 547 844 616 aditi
857 557 942 616 sunt
980 544 1139 614 duumviri
1157 546 1289 614 sacris
1308 547 1349 614 la

215 658 336 728 munds
351 693 396 706 -
409 657 601 726 lectisternio
622 667 700 726 tunc
715 653 856 744 primum
869 652 902 720 in
916 649 996 720 urbe
1006 648 1156 720 Romana
1174 651 1287 720 iacto
1306 690 1347 700 -

215 787 274 856 per
295 763 362 832 dies
384 772 459 830 octo
479 759 662 852 Apollinem
683 757 904 850 Latonamque
926 767 961 826 et
974 754 1121 838 Dianam,
1142 755 1345 826 Herculem

178 857 409 938 ablercnrinm
430 877 527 957 atque
549 863 738 957 Neptunum
764 862 864 934 tribus
893 885 992 952 quam
1013 860 1239 952 amplissume
1272 874 1341 930 turn

214 971 359 1066 apparari
386 981 512 1065 poterat
539 969 654 1056 stratis¹
671 968 762 1038 lectis
788 965 966 1057 placavere.
1002 963 1152 1056 privatim
1190 991 1340 1058 quoque

215 1077 249 1146 id
271 1100 398 1146 sacrum
420 1075 615 1146 celebratum
637 1084 697 1142 est.
732 1081 801 1142 tota
823 1069 902 1140 urbe
923 1067 1105 1161 patentibus
1120 1070 1237 1140 ianuis
1264 1095 1338 1164 pro

214 1180 380 1272 miscoqne
407 1205 470 1250 usu
501 1202 609 1247 rernm
641 1177 785 1246 omnium
811 1174 845 1244 in
876 1173 1046 1268 propatulo
1079 1176 1190 1264 posita
1232 1189 1336 1246 notos

214 1284 406 1375 ignotosque
428 1282 547 1377 passim
569 1282 708 1350 advenas
729 1280 762 1348 in
787 1280 962 1372 hospitium
976 1281 1103 1348 ductos
1123 1279 1266 1351 tenant:
1303 1291 1335 1350 ct

169 1401 204 1464 10
216 1411 292 1456 cum
312 1388 445 1458 inimicis
468 1410 600 1481 qnoque
621 1385 757 1476 benigne
778 1409 817 1456 ae
839 1384 973 1456 comiter
995 1407 1162 1457 sermones
1184 1384 1334 1468 habitos,

213 1491 319 1582 iurgiis
343 1517 381 1562 ac
402 1491 510 1562 litibus
531 1501 753 1583 temperatum,
773 1490 886 1560 unctis
909 1513 1041 1582 quoque
1056 1490 1191 1580 dempta
1215 1490 1257 1561 iu
1274 1515 1331 1560 ens

214 1597 282 1666 dies
304 1595 448 1667 vincula:
477 1596 619 1690 religioni
641 1595 755 1666 deindo
776 1594 888 1680 lubae,
914 1595 1029 1686 quibus
1051 1618 1125 1665 eam
1146 1617 1256 1686 opem
1279 1596 1331 1664 dei

214 1702 361 1772 urlissent
382 1702 502 1772 muniri.
538 1701 668 1774 Interim
689 1701 731 1770 ad
751 1699 851 1780 Veios
872 1711 974 1768 terror
995 1699 1166 1791 multiplex
1186 1699 1256 1768 luit
1278 1701 1328 1768 tri-

137 1859 143 1870 .
215 1805 276 1874 bus
303 1806 337 1876 in
365 1832 465 1878 namn
494 1807 587 1876 bellis
620 1805 763 1876 conlatis.
807 1815 946 1895 namque
973 1804 1105 1873 eodem·
1124 1827 1192 1896 qno
1231 1817 1327 1874 antea

168 1924 203 1982 15
215 1912 315 1978 modo
337 1911 421 1982 circa
448 1911 660 1996 munimenta,
688 1935 762 1978 cum
783 1921 914 2002 repente
937 1908 1116 2000 Capenates
1138 1907 1324 2000 Faliscique

213 2013 354 2084 subsidio
383 2017 559 2099 venissent,
590 2013 742 2083 adversus
764 2026 830 2084 tres
858 2013 1016 2086 exercitus
1045 2011 1174 2104 ancipiti
1196 2014 1322 2106 proelio

212 2130 389 2210 pugnatam
421 2132 481 2188 est.
524 2130 598 2188 ante
632 2118 737 2212 omnia
766 2119 885 2190 adiuvit
916 2117 1072 2190 memoria
1106 2112 1332 2188 damnationis

212 2221 315 2312 Sergii
340 2249 378 2292 ac
391 2223 540 2314 Verginii.
575 2223 685 2312 itaque
707 2223 880 2292 maioribus
895 2224 1015 2308 carne,
1037 2223 1122 2290 unde
1140 2234 1240 2292 antea
1256 2246 1319 2292 cas

273 2363 329 2402 non
340 2345 413 2402 enim
423 2331 496 2402 idem
507 2343 551 2401 bia
564 2343 669 2402 duabus
680 2363 728 2404 ro·
799 2347 842 2404 12.
860 2346 1002 2425 religioni
1009 2339 1247 2419 deindesniaab:
1261 2344 1318 2405 ΡΜ.

275 2431 352 2490 cibus
378 2431 584 2510 exprimebatur.
614 2445 676 2489 nam
702 2435 728 2491 si
789 2501 795 2514 .
861 2465 895 2478 -·-
930 2431 1008 2494 beid.
1034 2452 1052 2492 r.
1082 2431 1132 2490 al:
1163 2434 1317 2513 religione.

273 2538 367 2578 causo
390 2521 448 2578 eius
469 2520 509 2576 rei
533 2518 646 2594 intelligi
666 2529 726 2600 pot
859 2520 929 2580 Aliiz
954 2519 1159 2596 „religionem“
1187 2523 1239 2589 (2,
1260 2522 1315 2578 62:

275 2615 341 2676 erat,
360 2609 440 2666 etiam
456 2607 488 2665 id
498 2606 641 2665 ridebatur
653 2609 727 2664 inre·
859 2605 978 2682 „religio
998 2607 1127 2678 fuerit“).
1146 2604 1190 2664 ef.
1202 2608 1246 2676 41,
1259 2609 1314 2665 aa:

273 2693 327 2750 niri
344 2713 434 2770 posse,
453 2713 506 2773 qun
526 2713 605 2751 cansa
623 2693 727 2754 sublata
861 2694 1017 2772 ‚,rdegioni
1034 2696 1121 2754 fuit‘t
1141 2691 1196 2754 al.¹

77 2830 82 2841 .
136 2847 141 2851 ,
273 2777 417 2840 calamitati
439 2782 624 2842 mederentur:
654 2801 686 2838 ac
703 2782 728 2840 ai
808 2815 843 2828 -
861 2781 1076 2842 contulissent.
1094 2810 1130 2826 ⁴·-
1151 2780 1192 2846 lt:
1210 2799 1312 2858 „opem

268 2868 348 2943 firp'a
365 2869 430 2926 bant
440 2869 536 2948 procul
548 2871 641 2926 abesse
652 2869 727 2928 vide·
860 2871 911 2929 die
919 2869 1052 2931 tulissent.
1059 2875 1077 2904 ⁴⁶
1086 2868 1109 2928 P
1118 2889 1153 2930 m.
1165 2872 1200 2928 1.:
1209 2887 1311 2945 „opem

274 2953 361 3022 batur,
378 2957 467 3012 bonae
478 2959 537 3036 spei
549 2977 578 3013 se
591 2957 654 3013 dare
665 2966 725 3034 pot·
745 3001 750 3020 .
859 2959 886 3015 ie
903 2956 1062 3019 tulissent“.
1092 2978 1129 3017 m.
1146 2959 1186 3016 2:
1207 2973 1309 3030 „opem

273 3041 726 3122 erantadllietianimi,breviremp.
770 3045 776 3066 ¹
854 3043 1010 3103 tulinent‘t
1031 3045 1253 3119 Harl.r.:,‚opam
1264 3043 1307 3099 in-

271 3126 438 3202 perfunctam
447 3128 504 3186 lore
512 3129 725 3189 maiia-Nea·
855 3131 1011 3193 tuissent&
1027 3134 1202 3191 verumetiam
1210 3131 1237 3186 in
1246 3129 1313 3190 cad>

271 3211 338 3290 poll.
356 3213 438 3272 codd.
452 3218 601 3291 perniciei.
855 3217 1208 3289 Rhen.eet„diitnlissent“.'
1218 3215 1304 3286 0123,

213 3299 254 3358 ’1.
272 3301 344 3358 libri
363 3303 498 3378 sybillim·
518 3325 558 3361 ex
585 3311 626 3365 Ξῖ.
649 3295 745 3365 adnl'
857 3307 914 3364 11.=
929 3305 995 3364 deis
1007 3306 1100 3378 (Pac).
1115 3303 1289 3376 dics(Colb.).

271 3395 357 3444 aunt.-
374 3386 410 3448 lt
428 3421 463 3436 -
480 3388 521 3449 Pi
535 3390 724 3451 librissibillini
796 3393 841 3460 14.
858 3394 994 3452 conlolia.
1012 3425 1048 3439 -·
1073 3393 1115 3453 ld:
1135 3389 1230 3450 conlati
1244 3401 1305 3450 sunt

271 3491 305 3530 ex
323 3481 361 3534 ii.
380 3475 466 3536 additi
483 3487 547 3536 sunt
565 3479 693 3539 domnini.
812 3499 815 3514 ¹
856 3500 946 3557 namq.
964 3478 987 3538 P
1004 3501 1042 3540 tn.
1060 3484 1099 3542 1.=
1116 3481 1213 3538 conlati
1229 3488 1302 3537 santa

227 3559 253 3617 3.
271 3561 452 3621 lectisternio
470 3573 540 3622 lonc
553 3569 725 3641 primumin
854 3587 979 3644 namque.
1008 3587 1045 3630 m.
1067 3571 1108 3630 2:
1134 3567 1241 3626 comatis
1263 3576 1302 3623 ter

272 3647 345 3702 urbe
362 3667 505 3706 'romena
532 3652 640 3724 socio:
674 3650 724 3710 ΡΜ
855 3674 978 3732 namque.

217 3772 219 3782 ,
270 3727 345 3791 Harl.
362 3753 380 3792 r.
398 3734 475 3794 Laid.
493 3757 511 3796 r.
795 3741 838 3799 18.
857 3741 1010 3820 Verginii:
1026 3739 1092 3814 PM]
1111 3734 1228 3818 Viiginii.

226 3816 253 3876 5.
271 3821 477 3895 amplissume:
494 3821 569 3886 lllm.
584 3829 598 3882 1
611 3821 650 3899 P]
668 3845 723 3883 am·
804 3855 838 3869 ·-
864 3829 966 3906 itaque
995 3831 1159 3888 maioribus
1186 3829 1297 3886 contria:

268 3905 390 3983 piissime
403 3907 493 3980 (llam.
508 3913 558 3980 2).
575 3940 609 3954 -
621 3913 657 3971 P:
669 3916 727 3990 pri·
777 3963 780 3968 .
856 3913 906 3974 ΡΜ
924 3923 950 3970 et
966 3913 1040 3988 rell]
1059 3918 1150 3994 itaque
1168 3937 1182 3974 e
1199 3916 1298 3972 maiori-

269 3997 351 4052 oatim
370 4017 478 4076 quoqne
496 4000 540 4055 od
556 4021 660 4057 sacrum
673 3999 737 4058 cet.
856 4002 906 4060 bus
925 4004 1020 4060 eastris
1040 4006 1090 4072 (ex
1102 4005 1238 4063 coninua
1249 4001 1296 4059 Pe·

110 4077 118 4084 “
225 4079 250 4134 7.
267 4085 491 4158 promiscaque?
517 4085 544 4143 Μ
570 4107 606 4147 m.
635 4091 659 4146 1.
686 4085 723 4158 P]
856 4092 903 4146 ria.
922 4088 1113 4168 aliorumque).
1131 4121 1166 4134 -
1186 4089 1220 4149 P:
1235 4091 1296 4168 itaq.

268 4168 477 4249 promiscuoque
495 4171 539 4241 (ll
557 4192 592 4231 m.
610 4176 661 4244 3.).
757 4179 761 4186 ’
855 4175 1010 4236 maioribus.
