2838 4822
192 306 299 367 ·xv1

233 470 272 543 in
295 467 425 570 primis·
443 467 509 543 bos
533 465 632 556 loops
656 467 930 570 pervestigasse:
968 470 1005 559 1,
1031 469 1088 542 27.
1112 469 1169 544 ³9.
1201 471 1240 559 2,
1265 473 1323 544 51.

7 647 9 654 1
156 591 160 604 ¹
233 591 269 681 3,
293 591 349 666 sn
374 595 407 680 u,
425 589 482 664 47.
506 589 563 664 rs.
589 587 646 662 ει.
671 589 725 662 ra.
750 603 869 690 seqq..

268 771 272 784 .
330 709 387 786 Ex
409 707 466 786 bis
489 709 713 812 potissimum
738 710 896 811 quinque
920 709 1019 786 libris
1050 711 1240 787 restituere
1264 735 1325 787 oo·

233 831 308 908 nati
330 856 453 908 snmus
477 829 569 906 hanc
592 830 739 933 primam
758 829 927 919 decadem
941 819 1131 910 Liuianum.
1169 827 1246 934 Qui
1269 857 1325 908 re·

233 954 411 1030 certiores
440 963 527 1028 sunt
556 951 697 1028 codices
728 951 835 1030 ruodo
870 953 1004 1057 primae
1040 952 1147 1028 modo
1179 951 1324 1032 allerias

232 1075 358 1152 classis
382 1073 493 1150 libros
516 1073 567 1149 ita
590 1083 802 1176 sequnntur,
826 1083 867 1150 ut
889 1073 1021 1152 librarii
1044 1097 1111 1176 pro
1135 1099 1202 1150 suo
1227 1073 1326 1174 quis·

234 1221 306 1298 que
328 1196 471 1298 ingenio
495 1196 667 1296 permulta
691 1197 946 1273 commutarint.
986 1221 1055 1272 nec
1079 1204 1137 1274 est
1162 1193 1324 1270 dubitau-

79 1305 83 1317 ’
233 1316 323 1392 dnm·
343 1315 431 1418 quin
454 1315 504 1392 illi
529 1316 739 1419 quibusdam
755 1316 851 1393 ‘locis
871 1343 991 1396 veram
1006 1317 1202 1396 nationem
1225 1325 1323 1392 recte

232 1438 463 1540 reppererint,
487 1438 694 1540 praesertim
717 1439 755 1512 in
778 1435 978 1515 nominibus
996 1438 1151 1541 propriis
1168 1437 1323 1514 scrlben·

133 1615 135 1640 .
232 1560 305 1652 dis,
336 1585 431 1660 quae
456 1557 494 1634 in
519 1559 775 1662 antiqnioribus
805 1559 904 1636 libris
928 1559 1105 1637 uranum
1134 1557 1323 1660 depravata
1365 1578 1368 1590 ·
1406 1649 1410 1656 ι

202 1680 464 1791 inueniuntur.
507 1681 591 1759 inde
621 1682 726 1758 etiam
758 1682 888 1758 factm
912 1679 1053 1760 videtur
1084 1690 1125 1755 nt
1152 1679 1322 1756 recentis·

232 1801 313 1876 simi
337 1802 479 1876 codices
497 1801 630 1879 Veneti
647 1799 776 1878 Carolo
794 1802 942 1902 Sigonio
965 1802 1057 1878 lenti
1079 1801 1249 1876 momenti
1272 1801 1322 1879 vi·

120 1955 123 1966 ¹
232 1920 403 1995 clerenbrr
426 1945 524 2012 esse,
553 1920 650 2021 quod
673 1921 724 1996 illi
747 1923 792 1996 ab
814 1921 1018 1996 hominibus
1043 1947 1244 2024 graecarum
1268 1921 1323 2000 lit-

233 2051 388 2116 terarum
411 2039 499 2116 haut
523 2041 726 2142 expertibus
751 2041 926 2116 emendati
954 2042 1071 2118 minus
1103 2067 1209 2143 quam
1236 2045 1324 2120 anti·

234 2162 379 2262 'quiores
402 2161 484 2238 libri
507 2163 553 2236 ab
577 2163 711 2264 graecis
735 2162 973 2239 Romanarum
997 2189 1114 2239 rerum
1144 2165 1325 2266 scriptori·

188 2379 191 2389 v
232 2282 300 2357 bus
331 2281 575 2359 abhorrerent:
613 2283 772 2385 quamvis
801 2281 889 2360 nihil
919 2284 1020 2386 peius
1055 2281 1102 2358 in·
1122 2284 1180 2362 his
1215 2286 1322 2362 rebus

232 2402 310 2478 fieri
334 2405 451 2503 possit
474 2429 580 2508 quam
603 2403 730 2482 uitali
754 2403 874 2482 studio
896 2401 1014 2484 ubivis
1030 2403 1119 2482 alter
1142 2431 1187 2480 ex
1211 2406 1322 2481 altero

233 2525 386 2626 scriptor
408 2551 482 2602 non
506 2521 712 2602 emendetln
736 2525 801 2602 sed
819 2536 1071 2628 corrumpetur.
1112 2549 1180 2602 nec
1203 2537 1322 2606 lemen

229 2645 270 2742 jd
293 2673 402 2722 unum
425 2648 464 2722 in
487 2648 741 2726 recentioribus
764 2648 1014 2749 manuscriptis
1031 2649 1250 2750 recognitum
1272 2647 1323 2724 vi·

126 2831 129 2835 .
196 2843 202 2852 ,
232 2765 373 2861 demus,
404 2767 472 2845 scd
500 2761 712 2872 ubicumque
742 2770 854 2844 oratio
884 2769 1020 2868 aanui
1043 2768 1227 2869 scriptoris
1251 2790 1323 2845 non

231 2888 320 2962 'salis
345 2913 389 2962 ex
413 2891 717 2991 grammaticorum
740 2887 851 2965 molto
873 2888 1108 2964 recentiorum
1123 2889 1322 2991 praeceptis

114 3093 116 3103 Ι
175 3072 179 3080 .
234 3007 426 3083 constituta
447 3007 811 3110 videbatursantiqua
836 3017 873 3084 et
888 3033 972 3086 vera
996 3007 1061 3084 sed
1086 3035 1177 3110 qure
1201 3007 1323 3083 diffici-

147 3189 156 3207 .
205 3128 320 3204 liora
344 3139 446 3206 erant
461 3131 614 3233 cognitu,
638 3130 827 3208 aliislecln
847 3129 1060 3206 facilioribus
1078 3129 1323 3231 permutaban·
1397 3203 1400 3214 ,

231 3260 309 3326 tur:
333 3249 448 3327 sicubi
463 3252 595 3331 *Livius
608 3249 840 3330 ‹infininvum'
853 3251 960 3329 scribi
977 3250 1145 3342 volueret,
1171 3251 1323 3352 scripse-

232 3382 316 3448 runt
337 3373 408 3476 ipsi
435 3373 543 3451 morlo
572 3373 799 3452 indicativum
830 3373 936 3450 modo
966 3373 1249 3464 coniunctionum,
1285 3373 1323 3446 in

235 3495 377 3592 quovel
402 3496 447 3570 ob
471 3495 510 3570 id
534 3495 650 3572 minus
665 3487 879 3572 haerendum
904 3519 985 3572 esse
1006 3486 1201 3584 videbatur,
1226 3487 1323 3592 quod

235 3615 349 3722 etiam¹
365 3617 488 3716 optimi
509 3611 591 3694 libri
614 3609 790 3694 interdurn
818 3616 1058 3695 invenirentur
1081 3631 1206 3715 parum
1230 3613 1323 3707 inter
1368 3685 1370 3692 ,

235 3757 317 3810 sese
342 3738 543 3816 consentire
574 3738 639 3833 (cl.
656 3741 699 3830 23
723 3728 807 3811 Ἀπ’
826 3727 931 3830 „cum
962 3735 1143 3830 dicere“):
1180 3733 1240 3808 nbi
1263 3731 1322 3808 ille

235 3856 381 3932 verbnm
414 3851 705 3951 subulanlivlrm‚·2
724 3848 821 3959 quod
850 3859 967 3932 lacere
1002 3855 1140 3935 uolebat
1173 3857 1239 3953 (l,
1271 3855 1321 3927 3.:

235 4005 352 4078 „quae
377 3979 613 4080 appellaia“)·,
642 3971 766 4058 „onitu
785 3978 963 4069 *volnerab
996 3976 1034 4052 bi
1054 3971 1320 4062 restituendum

236 4110 465 4178 censuerunt:
504 4101 768 4178 coniunctiones
801 4091 1026 4202 quamquam'
1042 4097 1158 4176 nullae
1182 4087 1324 4198 positae

1212 4236 1320 4316 erant,

1405 4323 1416 4392 l

1414 4571 1416 4638 l
