2836 4720
240 339 306 409 210
502 384 505 396 ·
699 353 805 416 bllllill
823 350 867 414 lli

244 517 317 585 cibo
346 536 526 608 somnoque
556 527 675 586 ouem
713 517 770 592 ubi
795 515 909 586 inlusit
932 525 1061 607 postero
1090 511 1140 584 die
1173 514 1261 606 prior
1288 516 1342 584 sl'u

244 631 364 713 quanto
387 621 527 690 constitit
540 623 684 692 Romane
707 623 800 706 ecies,
822 621 951 689 tandem
972 629 1004 688 et
1019 617 1122 710 Aequi
1143 639 1342 712 processere.

199 743 200 750 ’
244 725 401 817 proelium
428 727 489 795 fuit
514 727 673 819 utrimque
700 725 893 810 vehemens,
924 725 1013 815 quod
1040 736 1074 792 et
1100 725 1265 796 Romanus
1291 728 1344 796 irs

245 830 385 923 odioque
406 832 570 924 pugnabat
590 841 624 900 et
636 830 768 923 Aequos
790 830 981 899 conscientia
1003 831 1156 898 contracti
1172 832 1267 923 culpa
1289 855 1345 923 pe

210 933 333 1002 tuconi
356 945 388 1004 et
410 936 587 1027 desperatio
609 936 734 1004 buturae
756 935 816 1004 subi
835 944 910 1028 post
931 957 969 1001 ea
989 934 1064 1032 sulci
1085 935 1196 1003 ultirrm
1226 936 1345 1004 audere

246 1050 279 1107 et
300 1039 436 1133 experiri
456 1042 600 1133 cogebat
637 1065 703 1109 non
724 1051 833 1110 tamen
859 1039 1012 1108 sustinere
1038 1039 1141 1108 aciem
1162 1040 1343 1108 Romanam

244 1140 358 1234 Aequi,
379 1143 527 1236 pulsique
550 1169 624 1214 eum
644 1145 678 1212 in
699 1145 779 1214 fines
801 1169 878 1214 suos
899 1169 935 1214 se
950 1143 1159 1238 recepissent,
1179 1143 1283 1212 nihilo
1301 1145 1344 1212 in

247 1247 522 1318 clinatioribus··ad
542 1273 657 1341 pacem
679 1250 790 1318 animis
812 1251 905 1319 ferox
926 1250 1095 1318 multitudo
1110 1250 1273 1340 increpare
1291 1249 1344 1316 ‹lu-

247 1371 316 1435 ces,
347 1352 435 1443 quod
461 1352 494 1419 in
520 1355 622 1422 eciem
650 1379 713 1447 qua
738 1356 898 1449 pugrtaudi
925 1367 992 1424 arte
1014 1355 1178 1424 Romanus
1206 1353 1345 1421 excellet

201 1469 236 1526 to
248 1454 418 1526 commissa
440 1479 491 1524 res
520 1458 575 1527 eit:
609 1458 741 1552 Aequos
768 1460 1027 1552 populationibus
1050 1458 1347 1550 incursionibusque

247 1558 395 1628 meliores
417 1583 504 1648 esse,
525 1574 558 1631 et
579 1567 696 1633 multm
718 1566 837 1657 passim
856 1588 970 1634 manus
992 1589 1089 1658 quam
1108 1585 1257 1656 magnam
1279 1577 1347 1632 mo·

246 1663 312 1731 lem
333 1665 426 1734 unius
449 1667 607 1738 exercitus
628 1669 745 1738 rectius
767 1671 850 1739 belle
872 1695 991 1762 gerere.
1258 1745 1262 1752 ,

334 1770 386 1839 ΠΙ.
430 1770 555 1842 Relicto
576 1765 683 1866 itaque
707 1775 816 1844 castris
837 1775 994 1868 praesidio
1022 1773 1140 1864 egressi
1159 1783 1250 1840 tento
1273 1795 1347 1840 cum

201 1917 203 1930 .
246 1874 386 1941 tumultu
407 1875 551 1945 invasere
572 1879 652 1947 fines
673 1880 836 1950 Romanos
860 1892 896 1949 ut
924 1880 965 1947 ad
992 1880 1107 1946 urbem
1135 1899 1266 1968 quoque
1288 1886 1347 1942 ter·

201 1991 234 2045 ln
247 1999 353 2044 rorem
375 1981 569 2069 pertulerint.
608 2007 669 2052 nec
691 1986 818 2078 opinata
841 1985 936 2052 etiam
957 2007 1008 2068 res
1029 1983 1104 2075 plus
1130 1979 1349 2072 trepidationis

247 2079 331 2164 lecit,
353 2083 440 2172 quod
462 2085 540 2153 nibil
561 2088 666 2156 minus
688 2113 786 2182 quam
807 2113 848 2158 ne
870 2089 972 2158 victus
995 2111 1033 2156 ac
1059 2111 1161 2178 prope
1183 2085 1216 2152 in
1230 2084 1352 2152 'cestris

248 2183 398 2253 obsessus
433 2185 534 2256 bostis
565 2215 692 2260 memor
713 2193 936 2287 'populationis
964 2202 1050 2261 esset
1076 2191 1179 2260 timeri
1206 2199 1348 2281 poterat:

167 2293 168 2300 ’
248 2297 451 2380 agrestesque
472 2294 578 2383 pavidi
605 2295 778 2365 incidentes
807 2298 907 2389 portis
932 2321 999 2366 non
1023 2297 1266 2395 populationem
1286 2317 1348 2362 nec

248 2392 579 2486 praedonumparvas
600 2423 714 2468 manus
736 2402 794 2469 sed
817 2403 923 2470 omnia
943 2427 1027 2472 vano
1056 2411 1207 2492 augentes
1232 2399 1346 2466 timore

107 2524 110 2533 ·
200 2511 236 2568 20
248 2497 404 2566 exereitus
427 2511 459 2568 et
481 2499 623 2591 legiones
646 2505 758 2576 adesse
772 2507 915 2576 bostium
936 2519 969 2576 et
985 2507 1103 2580 inesto.
1115 2505 1240 2596 agmine
1254 2526 1346 2572 ruere

248 2597 422 2718 sinebam
444 2605 633 2678 clamabant
670 2611 711 2678 ab
733 2613 770 2680 iis
792 2636 950 2705 proxume
972 2611 1078 2680 audita
1099 2611 1219 2678 incerta
1241 2630 1344 2698 eoque

264 2809 291 2866 a.
311 2813 394 2886 quod
404 2815 596 2878 elRomanus
608 2821 762 2900 iraodioq.
833 2825 876 2884 tt.
895 2832 928 2881 ul
945 2823 989 2879 ad
1004 2817 1120 2876 urbem:
1137 2815 1165 2875 M
1181 2833 1217 2876 m.
1234 2819 1261 2877 3.
1273 2815 1303 2876 P.
1316 2824 1346 2872 ut

127 2903 130 2911 '
208 2971 210 2976 Ι
306 2900 462 2974 pugnabat
489 2914 520 2962 et
545 2908 669 2985 Aequos
698 2919 762 2969 eet:
894 2909 933 2965 ab
959 2901 1039 2963 urbe:
1067 2905 1096 2964 ll
1121 2925 1157 2965 m.
1186 2908 1211 2964 l.
1241 2935 1275 2946 -
1304 2902 1346 2962 ll:

310 2979 368 3040 l’llbx
406 2987 489 3061 quod
522 2989 677 3053 Romanus
715 2998 762 3054 ira
892 3013 973 3072 quam
991 3014 1025 3052 ne
1043 2995 1160 3052 uinctus.

309 3067 408 3145 odioq.
437 3076 604 3152 pugnabat,
639 3083 762 3159 Aequos
831 3085 875 3143 ll.
893 3085 931 3141 ab
950 3084 988 3139 iis
1004 3100 1151 3158 proxume
1163 3077 1283 3136 audita:
1301 3073 1346 3149 Ill]

311 3161 375 3211 eet:
392 3151 466 3244 Ilarl
484 3177 501 3218 ι.
894 3171 927 3227 ab
945 3167 989 3226 bis
1006 3171 1125 3247 proximi
1143 3167 1232 3224 audita
1245 3172 1298 3222 cet.
1311 3193 1347 3206 -

264 3237 289 3294 6.
308 3257 368 3295 non
384 3250 483 3302 tamen
496 3251 760 3313 sustinereaciem:
892 3255 964 3318 cod.
975 3256 1076 3318 libem:
1095 3255 1193 3314 abluis
1200 3253 1347 3331 proxim·

307 3324 353 3400 P]
390 3348 444 3388 non
481 3343 569 3394 temen
609 3342 760 3400 sustinuere
892 3341 997 3404 Pllarl.
1007 3364 1040 3404 1.:
1060 3347 1097 3402 ab
1109 3344 1157 3401 bie
1166 3342 1347 3420 proximum.

292 3415 400 3516 felem·
892 3464 928 3478 -
952 3423 999 3490 Ab
1023 3431 1072 3490 his
1090 3431 1225 3509 proximi
1242 3446 1294 3503 per
1314 3445 1347 3482 se

264 3502 290 3557 7.
309 3521 372 3559 cum
391 3507 423 3564 in
433 3507 519 3582 fines
540 3531 612 3570 euos
633 3535 667 3571 se
684 3535 759 3573 rece·
892 3519 1002 3600 quidem
1024 3529 1097 3577 reete
1119 3538 1150 3574 se
1172 3515 1266 3582 babet,
1294 3532 1347 3570 nee

307 3591 438 3662 pissente
455 3593 491 3656 lll.
509 3601 607 3655 eumin
619 3599 760 3659 liuessnos
890 3617 981 3666 manen
998 3605 1093 3664 melius
1111 3612 1153 3659 est
1169 3619 1248 3678 quam
1269 3598 1347 3674 quotl

309 3678 486 3753 recepissent:
505 3681 527 3738 P
543 3684 758 3746 llario-PM:
891 3697 921 3752 in
947 3695 1070 3752 omnibus
1094 3691 1150 3749 lere
1172 3687 1289 3764 antiquis
1311 3683 1345 3741 li-

309 3758 521 3827 lnclinatoribus.
549 3802 586 3816 -
614 3772 636 3829 P
659 3796 695 3834 m.
720 3779 759 3834 1.:
890 3782 949 3840 brie
982 3782 1121 3859 reperitur.
1159 3795 1220 3831 nem
1248 3773 1274 3829 si
1309 3769 1345 3827 sel

310 3849 440 3906 commiea
457 3855 564 3932 eeqno's.
585 3879 621 3923 m.
639 3863 665 3922 2.
684 3861 758 3918 addi·
887 3887 1035 3945 proxume
1055 3864 1268 3945 suppleverimns
1292 3861 1347 3936 qui

309 3931 350 3989 (lit
366 3954 416 3994 ree
433 3940 563 3999 ese-1³
579 3967 614 4005 m.
634 3951 659 4006 1.
676 3947 711 4008 ll.
723 3970 758 4009 m.
890 3961 978 4010 erant
993 3952 1036 4009 rel
1058 3959 1217 4019 steterant,
1244 3946 1346 4004 etalii

306 4023 757 4103 1.:pupnlntonnue.-llm.1.:
891 4037 1035 4112 adferre,
1054 4039 1122 4097 nibil
1137 4029 1342 4096 desiderandum

307 4103 554 4206 bell-germem,
567 4118 758 4198 πλεκέτω
891 4126 1006 4185 videtur.
1035 4125 1084 4184 sed
1107 4126 1200 4178 ‹lubito
1229 4141 1263 4176 an
1289 4119 1342 4175 hoe

306 4188 378 4252 ¹¹le
889 4210 984 4270 blvlus
1007 4209 1096 4267 dicere
1120 4207 1245 4266 noluerit
1282 4225 1340 4264 eum
