2802 4726
539 297 648 392 tttttt
664 295 710 360 tv.
1108 292 1174 404 483

73 463 286 534 commoditas
307 462 442 543 iuvaret,
471 482 540 528 rem
561 460 747 537 familiarem
768 461 884 530 saltem
907 464 1110 556 adquiescere
1132 487 1172 540 eo

74 581 219 660 tempore
241 593 308 661 quo
331 589 448 658 corpus
470 564 634 656 addictum
653 578 749 658 atquc
772 578 938 659 operatum
959 572 1172 664 reipublicae

74 685 175 758 osset,
207 685 277 741 tum
299 672 388 764 quod
415 670 500 740 ultro
521 671 582 738 sibi
608 671 753 740 oblatum
767 683 879 756 essct,
912 697 978 742 non
1000 699 1018 742 a
1040 677 1171 748 tribunis

71 779 174 870 plebis
197 801 351 869 umqumo
379 776 531 869 ugitomm
551 800 618 846 non
647 777 712 845 suis
738 777 939 847 sermonibus
966 779 1171 872 efflagitatum

70 920 115 934 —·-
136 884 170 950 id
189 864 347 951 ellicieltot
367 881 536 973 multiplex
551 882 701 975 gaudium
716 881 1021 988 cumulatioremque
1039 887 1170 976 gratiam
1187 911 1205 966 5

70 987 126 1056 rei.
164 987 281 1056 tribuni
302 981 407 1079 plebis
428 987 607 1054 commords
636 989 784 1058 ordinum
809 986 946 1056 loetitiae
969 991 1169 1060 concordiae-

12 1107 13 1120 *
71 1115 135 1182 que
157 1090 218 1159 soli
240 1102 390 1185 expertes
411 1115 527 1182 negare
554 1103 622 1161 tom
649 1092 682 1160 id
709 1094 830 1162 loenrm
850 1091 992 1184 partibus
1015 1094 1168 1163 universis

11 1313 13 1352 ι
125 1291 171 1350 trs
195 1290 429 1363 statuminum
452 1289 583 1362 varmo,
639 1274 644 1295 ¹
715 1302 787 1354 ost.
805 1291 1167 1371 ctoonnsmgemto-

127 1381 191 1438 drso
212 1377 344 1438 wthrcnd
369 1379 418 1436 der
440 1376 501 1437 Zcit
525 1401 581 1438 we·
713 1379 959 1466 minumlcetitin“
972 1381 1047 1452 (Pur.
1062 1380 1167 1452 colo).

11 1477 12 1486 ¹
129 1469 306 1543 nigstensovo
319 1465 454 1524 derdlsnn
467 1469 580 1526 mileci-
710 1467 765 1524 Alii
783 1470 957 1536 ‚‚omoium“.

128 1574 177 1611 ner
187 1551 365 1632 Kdrperlrrall
381 1552 426 1610 ttr
443 1553 581 1611 deoSteat
668 1555 695 1612 7.
713 1569 825 1633 negare
842 1563 904 1609 tom
922 1553 957 1610 id
972 1555 1083 1612 loetum
1098 1554 1167 1632 'par-

10 1653 12 1662 ’
126 1659 161 1696 ιιι
178 1639 299 1698 arbritor
313 1639 391 1708 lrtbe,
409 1639 458 1696 das
468 1639 581 1700 Ver-mo·

10 1747 11 1752 ¹
128 1745 179 1802 gen
196 1725 272 1783 nicht
294 1725 579 1803 nogegrisscrlwerdet

126 1834 159 1871 so
175 1813 282 1872 rnechte
299 1811 348 1870 der
363 1812 499 1884 Gedeolre,
516 1815 580 1872 dms

126 1901 209 1958 ilroeo
244 1899 319 1960 diese
351 1899 496 1960 Wohltlnt
531 1922 579 1960 eus

124 1988 220 2046 lreiem
244 1987 374 2046 Antriebe
395 2010 458 2048 vom
480 1990 579 2048 senato

125 2096 159 2134 tu
175 2073 254 2133 Thoil
272 2076 417 2152 gcworden
435 2077 506 2135 ohne
523 2098 578 2136 von
611 2117 618 2133 ι

68 2169 73 2180 ’
123 2163 218 2240 irgend
236 2167 323 2222 einero
340 2163 389 2222 der
399 2163 479 2221 llrren
491 2165 578 2241 gelos·

125 2252 187 2310 dert
213 2251 327 2310 worden
357 2273 390 2310 zu
419 2253 494 2322 eein,
532 2252 578 2310 die

7 2329 27 2386 t'
124 2338 230 2396 Frende
246 2328 577 2415 umovtelultrger'uot

7 2443 9 2474 ι
127 2424 575 2504 deoDenkdaldrumsogrdssed‘.

7 2533 9 2564 t
125 2541 160 2556 -
178 2511 223 2571 Cl.
241 2531 282 2570 cx.
299 2531 339 2588 gr.
356 2515 391 2580 3,
406 2515 466 2572 dd:
493 2534 577 2582 „cum

123 2607 278 2677 promptum
300 2599 353 2655 hoo
380 2599 577 2679 ius-pariter

7 2707 8 2710 ’
30 2673 32 2678 ¹
121 2689 220 2746 nummi
237 2685 376 2762 intimique
392 2685 502 2756 lerrcnt,
518 2697 576 2744 tum

121 2775 226 2852 legibus
249 2772 397 2854 condendis
419 2792 501 2852 opere
529 2774 576 2831 da·

122 2861 232 2922 bstur“.
250 2863 343 2928 SAL:
363 2881 446 2930 „enm
457 2863 575 2938 ipseper

123 2969 154 3008 se
175 2967 219 3006 res
242 2967 341 3027 anceps
359 2960 443 3017 essct,
464 2981 498 2992 -
515 2958 573 3006 tum

121 3039 265 3095 incertiora
284 3038 374 3094 omnin
398 3057 468 3096 nous
486 3053 519 3095 cx
536 3036 573 3094 le·

121 3127 197 3200 getis
208 3124 304 3186 lecit“.
321 3124 356 3184 nl.

76 3211 103 3271 6.
121 3213 282 3268 communie
293 3213 432 3270 ordinum
443 3213 575 3269 laetitloe

118 3294 165 3366 (Μ
190 3299 288 3356 m.1.:
313 3296 428 3368 laetitio)
454 3316 573 3356 concor.
601 3335 604 3344 .

109 3383 248 3460 ‘diaeqtte
264 3383 326 3440 coli
340 3393 492 3458 expertes.-
515 3383 572 3442 ΡΜ.

120 3467 152 3527 ln
162 3467 284 3548 Neapoll.
296 3468 376 3527 codd.
393 3472 522 3545 scriptum
531 3480 574 3526 est

119 3555 574 3632 ,communioomotomlaoittac‘,

123 3645 236 3703 loreitcn
246 3643 328 3723 quod,
339 3641 403 3700 licet
413 3663 495 3722 saepe
506 3663 572 3700 con·

121 3733 245 3791 cordiae
262 3731 387 3790 ordinum
406 3733 507 3790 mentio
524 3729 572 3788 fle·

120 3829 172 3888 ret,
188 3829 277 3879 tamor
288 3819 411 3889 „laetitio
424 3819 572 3878 ordinnm“

118 3907 208 3964 minus
226 3909 389 3968 conveniret.
407 3927 501 3968 rernm
518 3905 572 3963 hoe

120 3992 181 4051 loco
202 4013 259 4052 noo
281 4003 336 4052 tom
359 3995 570 4053 tantm-ordi·

119 4101 191 4138 rrum
213 4101 293 4160 qnam
314 4084 429 4142 laetitio
452 4097 571 4140 concor·

118 4168 230 4247 dicque
238 4169 376 4228 ordinum
386 4168 571 4246 coniungendo

714 1641 793 1697 tibus
811 1641 976 1712 uniuersis]
993 1659 1092 1716 negare
1113 1651 1168 1698 tam

711 1726 742 1782 id
759 1725 859 1784 ltotnm
880 1726 1004 1804 patribus
1024 1729 1167 1786 universis.
1254 1779 1256 1787 ,

711 1843 747 1858 -
771 1813 805 1874 Β.
827 1813 973 1878 Rhenanus
995 1833 1047 1892 pro
1072 1816 1166 1890 parti·

710 1901 766 1961 tus
789 1901 937 1960 unioersis
962 1903 992 1958 in
1017 1922 1068 1960 suo
1094 1900 1165 1960 libro

708 1989 844 2067 putridus
867 1991 1017 2047 uniuersis
1034 1990 1165 2068 scriptum

703 2073 792 2144 sidit,
813 2094 863 2132 nec
881 2075 959 2132 aliter
981 2086 1027 2133 out
1043 2077 1165 2134 Dralren·

637 2178 640 2190 ¹
710 2161 837 2220 borchios
846 2165 875 2220 in
887 2165 944 2220 suis
954 2165 1092 2221 codicibus
1104 2170 1164 2242 'rep-

706 2251 779 2326 perit
799 2259 845 2307 aut
867 2269 916 2325 ego
941 2254 970 2307 io
992 2249 1049 2310 PM.
1078 2251 1164 2308 nihilo

708 2339 798 2396 ιιιίιιιιι
814 2345 906 2394 temen
924 2336 1012 2396 lucere
1029 2359 1084 2399 noo
1101 2359 1164 2416 pot-

707 2444 768 2482 som
789 2427 856 2502 quin
876 2423 1007 2482 hocloco
1026 2425 1163 2502 patribus

707 2507 857 2566 litterarum
867 2509 1163 2587 metathesi-idquod

707 2595 737 2651 in
762 2595 807 2651 hle
834 2597 902 2672 ipsis
928 2596 1083 2653 nominibus
1107 2615 1163 2652 non

707 2681 887 2739 rarefactum
910 2693 952 2740 cst
971 2699 1071 2760 -'pro
1091 2702 1160 2758 por·

704 2769 784 2826 ritus
807 2770 939 2846 scriptum
962 2771 1083 2828 arbitrer.
1100 2771 1161 2846 'qui

707 2857 779 2912 eninr
796 2864 922 2932 poterent
939 2857 1041 2914 tribuni
1052 2875 1160 2936 persua·

666 2977 669 2984 ·
707 2942 771 2999 dere
793 2941 867 3022 plebi
890 2941 973 3012 vello,
999 2963 1056 3002 rem
1078 2945 1161 3024 p'otri-

707 3030 759 3088 bus
783 3041 885 3106 gratnm
912 3049 967 3088 non
989 3031 1061 3101 lore,
1091 3051 1160 3111 qnos

705 3109 816 3174 tributo
830 3117 933 3176 indicto
953 3117 1078 3177 riderent
1101 3117 1159 3177 uoi‘-

705 3223 800 3262 versos
821 3225 929 3264 summo
956 3227 1017 3263 eum
1043 3206 1099 3263 lide
1126 3227 1158 3264 ex

706 3311 788 3348 censu
808 3291 939 3348 tributum
966 3291 1102 3349 conferret
1132 3301 1159 3348 ct

705 3380 753 3455 qui
780 3385 886 3455 poterat
906 3375 1001 3435 Livius
1027 3379 1065 3434 lta
1091 3379 1157 3436 scri·

704 3465 778 3533 bere,
786 3483 847 3520 cum
856 3460 937 3520 modo
947 3463 1068 3533 dixisset,
1080 3483 1159 3542 preo-

704 3559 777 3607 snter
795 3569 854 3606 esse
866 3552 1019 3606 exeuntium
1031 3569 1064 3608 ex
1083 3553 1159 3609 corin

704 3647 811 3714 petrum
829 3653 931 3706 monus,
949 3645 1051 3696 etrere
1065 3648 1158 3715 patres

704 3723 878 3804 appellandos
895 3743 955 3784 esse
972 3726 1066 3784 visos?
1092 3747 1156 3782 con·

704 3821 746 3868 tro
764 3831 794 3868 oe
812 3812 842 3869 id
865 3821 972 3890 potunt
992 3812 1156 3871 verisimile

703 3897 803 3968 videri,
827 3919 884 3960 uon
901 3901 1049 3957 universis
1063 3900 1156 3975 porti·

701 3987 758 4045 bur
775 3985 887 4045 enodem
904 4005 962 4044 rem
983 3985 1080 4044 lectum
1097 3983 1156 4042 lonc

704 4093 754 4131 nec
770 4081 825 4132 tem
841 4090 998 4152 prosperam
1010 4091 1090 4152 quem
1102 4075 1155 4151 ipsi

703 4160 850 4218 crederent.
867 4160 944 4218 undu
955 4161 1096 4218 enimcum
1108 4179 1154 4236 pe·

887 4246 957 4316 31*
