2838 4822
1129 319 1179 382 vu

75 482 340 588 pervolverem,
364 483 471 558 etiam
494 480 532 558 id
555 479 710 558 intellexi
724 506 783 558 me
799 507 940 586 semper
954 483 1028 562 lere
1045 485 1082 560 in
1098 509 1176 563 ver·

73 607 138 681 bis
164 605 254 706 ipsis
287 601 483 682 scribendis
516 628 677 694 errasse‚.
706 604 766 678 ubi
794 629 867 680 non
890 603 1087 682 Puteanuin
1109 606 1176 683 sed

74 727 385 827 Bambergensem
410 723 568 810 codicem
595 723 633 800 in
662 725 784 832 priore
807 724 889 800 libri
911 725 1051 803 Liviani
1072 723 1192 804 trice?

8 852 20 880 '·
77 849 165 923 simi
191 847 347 922 editione
372 857 517 923 secutus
543 871 670 924 essem.
711 846 840 921 etenim
865 872 945 921 cum
961 847 1176 924 illius'l'aci-

64 969 132 1043 tei
157 967 238 1042 libri
262 967 365 1043 lectu*
386 967 580 1042 difficillimi
610 975 731 1070 partes
760 966 940 1068 quaedam
962 968 1090 1044 abhinc
1113 994 1177 1044 sex

78 1089 155 1164 nisi
179 1087 281 1164 lallor
310 1084 441 1164 secula
460 1089 598 1163 iamiam
629 1083 848 1167 evonescem'
869 1099 976 1190 atque
1000 1088 1177 1189 exstingui

79 1199 234 1312 propter
256 1218 469 1315 vetustatem
492 1210 712 1302 viderentur,
743 1208 870 1285 doctus
902 1209 1044 1310 quidam
1073 1208 1177 1282 libra-

79 1331 160 1406 rius
189 1319 297 1409 verba
326 1332 510 1440 scriptoris
542 1331 686 1440 antiqua
714 1331 755 1404 in
781 1332 896 1432 spatio
925 1335 1019 1405 inter
1050 1353 1176 1407 versus

52 1501 56 1510 ·
80 1451 185 1552 ipsos
210 1450 334 1528 relicto
360 1451 479 1527 multis
504 1450 593 1529 locis
619 1454 734 1527 denuo
759 1452 910 1553 scripsit
933 1465 1051 1551 neque
1067 1446 1177 1561 quid·
1234 1497 1238 1502 -
1365 1520 1369 1527 .

40 1664 44 1672 ι
83 1595 197 1672 qoam
223 1571 275 1646 eis
307 1572 450 1672 quidem
481 1597 573 1673 quos
607 1573 746 1674 inspexi
778 1573 865 1648 locis
903 1572 1030 1646 mutari
1066 1570 1177 1682 uoluit
1294 1649 1304 1672 ³

83 1715 192 1792 quam
216 1701 257 1764 ut
274 1692 399 1777 aetatis
416 1719 501 1768 suae
520 1693 699 1769 scribendi
714 1695 804 1768 ratio
820 1719 867 1766 ne
883 1691 1151 1768 desideraretur.

31 1824 35 1832 '
92 1847 95 1854 λ
182 1811 308 1910 ltaque
333 1835 414 1886 cum
435 1813 531 1888 inter
554 1833 679 1888 omnes
695 1821 846 1901 consui,
872 1811 1177 1912 quintusdecadis

2 2013 6 2027 ,
82 1933 253 2010 Livianae
278 1940 414 2031 partem
443 1934 598 2034 priorem
627 1933 697 2014 nisi
728 1931 895 2034 singulari
924 1930 1055 2008 virtute
1084 1929 1180 2004 unici
1310 2008 1314 2030 Ι
1403 1994 1408 2001 .

82 2052 165 2128 libri
178 2052 485 2130 Laurishamensis
511 2051 690 2130 emendari
712 2079 786 2127 non
804 2049 923 2154 posse,
949 2060 1095 2151 quartae
1119 2047 1178 2123 de-

85 2174 182 2250 cadis
206 2173 322 2248 libros.
343 2184 424 2250 octo
450 2175 586 2275 priores
611 2174 681 2249 nisi
706 2173 833 2248 eximio
865 2171 995 2246 codice·
1011 2170 1179 2246 Bamber-

85 2295 196 2396 gensi,
220 2296 360 2370 tertiam
384 2297 457 2370 nisi
472 2295 634 2370 Puteano
651 2295 807 2370 omnium
825 2292 1051 2371 [livianorum
1073 2316 1180 2365 manu

86 2417 302 2518 scriptorum
320 2443 373 2489 ne
403 2415 677 2492 vindobonensi
713 2413 860 2516 quidem⁴
890 2409 1047 2513 ¹encepto
1074 2411 1181 2510 longe
1268 2415 1275 2428 '

85 2536 394 2640 praestantissimo
423 2579 472 2594 -
505 2537 550 2611 de
593 2536 721 2636 quibus
765 2533 864 2610 libris
900 2533 1063 2609 omnibus
1098 2541 1181 2607 cum

86 2657 171 2741 alias
194 2656 416 2757 disputatum.
437 2666 493 2732 est
516 2667 597 2732 tum·
616 2658 655 2730 i'n
677 2655 746 2730 hac
771 2682 918 2756 quoque
939 2654 1097 2730 editione
1111 2677 1179 2726 suo

82 2779 166 2856 'loco
189 2776 386 2853 disseretur
410 2803 477 2848 -r
496 2775 745 2876 inquirendum
770 2776 838 2848 iam
862 2775 1004 2853 videtur
1032 2772 1179 2872 diligen-

86 2901 167 2990 tius,
191 2899 385 2998 inquibus
401 2923 507 2971 manu
531 2897 744 2999 scriptorum
764 2896 875 2997 copiis
888 2893 1182 3000 adiumentisque
1226 2887 1229 2894 ’

86 3021 188 3096 buius
213 3020 346 3122 primae
370 3017 514 3093 decadis
538 3018 618 3093 libri
641 3018 844 3098 ¹innitantur
873 3027 911 3092 et
935 3041 1005 3117 quo
1030 3013 1067 3087 in
1098 3010 1180 3086 loco

1 3152 4 3156 ’
40 3217 44 3224 ,
89 3141 225 3218 conices
264 3141 393 3240 quibus
429 3139 487 3215 usi
523 3138 681 3214 suntB.
707 3138 922 3214 Rhenanus
939 3137 979 3212 C
1010 3133 1182 3233 Sigonius
1319 3157 1324 3172 ·

87 3262 112 3336 l.
126 3261 182 3336 Fr
200 3259 404 3338 Gronovms
423 3263 466 3336 A
484 3259 812 3342 Drakenborchius
824 3256 1004 3428 denique
994 3280 1072 3362 ipse
1090 3277 1182 3328 usus

88 3407 176 3473 sum
198 3383 355 3481 ponendi
377 3379 573 3459 rideantur.

182 3502 353 3580 Omnium
365 3511 450 3580 vero
466 3504 619 3604 primum
636 3501 836 3605 negandum
846 3499 988 3577 videtur
1002 3495 1072 3569 boc
1086 3493 1176 3582 loco,

88 3649 143 3698 ne
160 3624 197 3697 in
229 3623 381 3697 maxima
417 3623 560 3723 quidem
591 3624 911 3724 manuscriptorum
943 3613 1177 3701 multitudine,

87 3744 153 3818 nisi
175 3742 281 3820 iidem
308 3753 345 3820 et
367 3743 569 3844 integritate
594 3755 636 3820 et
656 3743 865 3845 antiquitate
896 3746 1100 3842 praestent,
1124 3732 1177 3808 ul-

88 3864 155 3938 lum
179 3866 255 3947 eius
280 3863 335 3940 rei
355 3847 488 3944 bonum
506 3865 661 3966 positum
681 3891 770 3942 esse„
810 3887 889 3938 cum
914 3860 1008 3935 enim
1026 3864 1180 3931 exeunte
1211 3853 1236 3942 s

89 3983 197 4058 media
223 4011 329 4084 quam
344 3996 474 4062 vocant
497 3995 613 4061 aetate
631 3987 858 4086 antiquorum
875 3982 1087 4082 scriptorum
1103 3999 1177 4046 mo-
1286 4009 1293 4018 ⁴

60 4161 63 4167 -
87 4111 250 4180 numenta
265 4107 473 4209 saepissime
492 4105 788 4195 describerentur,
812 4102 998 4180 festinatio
1012 4098 1090 4198 ipsa
1108 4100 1186 4194 qua·
