2836 4720
17 673 19 720 l

230 239 238 272 l
318 257 325 268 .

529 329 636 390 LIBER
654 327 688 390 u.
1098 311 1176 382 169·

57 491 192 561 ‘consilia
214 491 287 561 iude
307 516 375 562 uon
397 491 525 585 publica
548 493 604 562 sed
626 491 659 558 iu
684 491 807 583 prlvpto
829 493 1023 584 seductaque
1052 516 1070 560 a
1093 490 1159 584 plu-

63 597 143 664 rium
171 599 363 666 couscientia
391 597 542 666 habuere.
580 597 635 664 ubi
657 620 731 665 cum
752 595 784 664 id
809 597 909 690 modo
930 593 1095 664 'constaret
1116 633 1159 648 -·

64 701 129 768 iure
152 726 192 769 an
213 702 324 770 iniuria
339 742 383 754 —
397 703 576 793 eripiendos
598 723 773 784 cesareae,
796 701 990 769 atrocissima
1012 703 1159 791 quaeque

62 807 200 874 maxime
220 807 369 898 placebat
389 809 558 876 sententiae
590 829 651 874 uec
673 817 784 873 auctor
805 806 951 898 quamvis
980 804 1091 872 audaci
1116 805 1159 870 la·

60 909 160 979 cinari
181 912 299 980 deerat.
320 913 414 1004 igitur
429 912 534 982 iudicii
557 907 607 978 dic
630 934 705 979 cum
715 910 811 1002 plebs
832 910 866 978 in
885 911 958 979 loro
980 915 1086 978 erecta
1107 922 1190 977 eut

61 1015 242 1106 peetatione
264 1027 370 1101 curat,
390 1016 496 1084 mirari
517 1015 620 1107 primo
643 1018 731 1107 quod
752 1039 817 1083 uon
839 1015 1047 1084 descenderet
1065 1012 1161 1081 tribu·

59 1139 130 1203 nus,
154 1120 227 1187 dein
249 1145 323 1188 cum
345 1121 409 1190 iam
431 1144 523 1190 mora
546 1121 723 1212 suspectior
743 1117 842 1204 lieret,
864 1119 1048 1188 deterritum
1070 1118 1162 1210 apri·
1210 1113 1215 1132 ⁸

60 1221 204 1290 moribus
221 1226 355 1294 credere
378 1237 412 1295 ct
433 1226 593 1294 desertam
614 1247 652 1294 ac
673 1225 831 1316 proditam
853 1247 984 1292 causam
1000 1223 1162 1314 publicam

60 1327 166 1418 queri:
204 1331 334 1398 tandem
356 1331 420 1422 qui
434 1330 592 1400 obversati
612 1329 771 1399 vestibulo
792 1329 909 1397 tribuni
929 1328 1064 1412 fueraut,
1084 1351 1163 1395 uuu-

59 1431 140 1500 tiaut
157 1433 244 1501 domi
265 1446 429 1504 mortuum
451 1459 522 1504 esse
544 1436 719 1504 inventum.
742 1435 830 1524 quod
845 1434 901 1501 ubi
915 1433 949 1500 iu
962 1444 1065 1501 totam
1086 1457 1160 1501 cou-
1175 1445 1210 1501 10

58 1535 182 1605 tionem
202 1539 334 1629 pertulit
353 1565 475 1624 rumor,
497 1540 543 1607 sic
561 1549 599 1606 ut
620 1538 704 1606 acies
724 1538 866 1604 funditur
887 1539 968 1606 duce
990 1537 1096 1606 occiso
1117 1539 1161 1605 ita
1267 1585 1270 1591 -

41 1638 174 1731 'dilapsi
195 1643 315 1732 passim
337 1644 388 1710 alii
410 1643 483 1711 alio.
505 1641 695 1733 praecipuus
717 1663 819 1731 pavor
838 1641 983 1709 tribunos
997 1642 1164 1723 invaserat,

59 1767 161 1834 quam
188 1745 266 1812 nihil
294 1746 401 1813 auxilii
429 1757 570 1814 sacratae
599 1745 687 1834 leges
713 1743 869 1812 baberent
895 1755 998 1812 morte
1020 1745 1163 1835 collegae

59 1849 212 1916 monitos.
234 1873 296 1919 uec
316 1863 423 1943 patres
446 1851 522 1919 satis
544 1848 709 1917 moderate
729 1847 812 1915 ferre
827 1849 995 1916 laetitiam:
1017 1849 1163 1940 adeoque

60 1954 223 2022 neuriucm
243 1953 359 2024 noxiae
380 1954 562 2047 paenitebat
588 1965 624 2020 ut
646 1953 742 2019 ctiam
763 1952 905 2022 iusoutes
929 1938 1043 2021 lecis'se
1064 1954 1164 2021 videri
1177 1964 1211 2020 15

60 2057 197 2144 vellent,
223 2059 395 2150 palamque
418 2060 553 2132 ferretur
573 2057 691 2125 malem
712 2057 800 2125 nalo
822 2057 1015 2126 domandam
1036 2058 1163 2126 tribuni-

59 2162 143 2230 ciam
164 2174 366 2254 potestatem.

148 2265 217 2335 LV.
261 2267 330 2336 Sub
352 2266 413 2336 hac
434 2267 564 2358 passini
586 2267 726 2359 exempli
754 2266 884 2336 victoria
912 2268 1045 2338 dilectus
1071 2269 1163 2337 edici-

78 2433 104 2489 1.
123 2431 265 2490 coneilio.-
286 2433 336 2490 ΡΜ
354 2442 381 2491 ot
397 2429 455 2492 rell.
474 2431 576 2506 codd]
649 2435 691 2492 15.
709 2431 1162 2497 noxiae:Pl1eod.1than.Harl.1.
1219 2499 1222 2507 ¹

124 2517 241 2576 coucilia
259 2515 296 2591 (l.
313 2517 358 2580 Fr.
378 2519 488 2592 Grbu.).
710 2517 788 2580 Laid.
799 2541 818 2581 1.
829 2521 862 2564 '-
875 2521 914 2578 lll:
927 2525 1008 2580 noxie
1016 2525 1163 2602 penitebat.

78 2607 104 2668 l.
124 2605 270 2668 habuere:
286 2604 314 2664 Μ
331 2605 404 2666 llarl.
412 2625 431 2666 ι.
449 2605 526 2666 Leld.
535 2609 576 2680 1.]
649 2609 692 2667 16.
706 2608 869 2685 palamque
873 2608 1028 2680 ferretur:
1041 2608 1091 2667 ΡΜ
1103 2611 1163 2669 cod.

124 2692 225 2779 baberp
243 2691 308 2765 (P).
331 2723 366 2738 -
389 2695 454 2752 iure
476 2714 517 2750 on
534 2697 577 2750 in·
710 2692 798 2754 libau.
831 2693 907 2754 llarl.
928 2715 946 2753 1.
976 2696 1054 2757 Leid.
1074 2715 1093 2758 1.
1129 2728 1163 2772 ἡ

122 2783 204 2839 iuria
221 2781 295 2838 idem
310 2781 367 2840 lero
383 2790 427 2838 cat
446 2781 499 2838 boo
515 2781 577 2838 loco
709 2779 780 2839 Alii:
798 2779 939 2858 palamque
955 2782 1083 2848 ferrent,

124 2868 200 2946 quod
214 2871 278 2927 eive
295 2871 360 2926 iure
377 2870 441 2926 eive
457 2870 576 2928 iniuria.
659 2897 693 2910 -··
711 2870 823 2925 molam
839 2872 936 2929 molo:
962 2890 996 2928 cx
1020 2872 1090 2930 coni.
1107 2873 1165 2942 m]

80 2955 106 3013 5.
125 2958 217 3036 igitur
235 2955 338 3012 iudicii
353 2955 419 3012 die.-
432 2953 462 3014 P.
480 2986 516 3000 -
533 2953 576 3013 dl:
710 2953 780 3012 malo
799 2955 862 3027 (P).
876 2945 910 3000 -ἶ
922 2956 964 3014 ll:
982 2959 1093 3014 molam
1111 2957 1164 3014 do·
1198 2952 1201 2968 '

125 3044 217 3118 ugiter
231 3044 236 3114 Ι
251 3041 345 3099 iudicii
370 3041 427 3100 die:
457 3042 506 3099 sed
534 3061 576 3098 aa·
710 3041 860 3104 mandam.
894 3075 930 3090 ·-
965 3043 1009 3106 Cl.
1039 3040 1072 3109 Τ.
1101 3044 1165 3103 Livi

123 3129 187 3186 dem
204 3149 240 3187 m.
259 3132 284 3189 1.
306 3147 387 3207 supra
406 3149 425 3185 u
443 3131 574 3209 scriptam
711 3128 729 3189 l.
742 3150 804 3191 xxx.
821 3152 849 3210 p.
866 3151 940 3194 xxrv.
951 3151 977 3193 u.
997 3141 1025 3190 et
1035 3154 1063 3211 p.
1075 3152 1164 3191 xxxm.

122 3225 166 3272 est
183 3219 202 3285 i,
221 3225 252 3272 at
267 3215 344 3272 lieret
360 3217 457 3295 igiter.
708 3219 793 3276 5.*,-
820 3220 854 3281 al.
871 3225 902 3289 7.
926 3223 966 3280 iz
988 3219 1020 3278 L.
1038 3219 1166 3276 lllaulium

71 3329 107 3344 -
125 3305 343 3377 expectatione:
360 3302 387 3358 Μ
402 3323 441 3362 m.
460 3305 485 3364 ὓ,
499 3304 528 3362 Ρ.
541 3335 578 3350 -
711 3304 889 3364 malummalo
899 3306 1062 3382 augercblii.
1073 3307 1097 3373 1,
1107 3307 1165 3363 ia:

115 3387 201 3456 hilm.
213 3390 253 3446 1.:
272 3391 472 3465 expectationeo
484 3399 578 3452 curet.
712 3392 847 3448 contrabit
868 3391 991 3450 adoritur
1016 3389 1165 3448 similitudo

71 3477 107 3536 ’6.
127 3477 235 3532 nairari
247 3476 344 3550 primo
359 3477 442 3551 quod
452 3495 511 3534 amu
528 3478 578 3535 de·
712 3498 768 3546 eos,
785 3489 816 3536 ut
834 3479 890 3535 lere
907 3479 940 3533 fit
956 3479 1067 3534 malum
1084 3479 1164 3535 malo

123 3563 296 3620 uenderet:
314 3559 371 3620 ΡΜ.
390 3563 481 3619 mirari
490 3566 578 3642 primo
647 3594 651 3603 ‹
704 3563 889 3640 aptissimum.
905 3563 942 3623 al.

126 3652 180 3725 qai
196 3670 250 3706 uon
268 3649 356 3708 desc:
374 3647 459 3709 Palat.
479 3654 503 3708 1.
652 3651 695 3711 18.
719 3655 775 3710 aud
803 3652 861 3710 bac
885 3653 1010 3729 pessimi
1037 3653 1167 3728 exempli

77 3739 105 3794 7.
123 3737 203 3796 dein
218 3757 298 3793 cum:
314 3734 372 3795 ΡΜ.
715 3741 856 3797 uictoria:
874 3737 930 3798 ΡΜ.
948 3738 1012 3797 -l.
1024 3738 1068 3798 Fr.
1081 3737 1165 3796 Grau.
1218 3745 1221 3753 '

79 3824 107 3882 8.
126 3839 163 3878 oo
177 3823 327 3899 proditam
348 3843 470 3882 caueam
484 3825 581 3900 publi-
713 3827 832 3884 scribere
860 3825 976 3884 malebat
1004 3829 1059 3884 aab
1088 3827 1167 3884 tanc
1219 3880 1226 3894 .

124 3929 206 3966 com:
222 3909 245 3965 P
261 3929 296 3969 m.
314 3913 341 3970 2.
352 3911 387 3971 ll.
399 3910 468 3967 —P
485 3932 520 3970 m.
540 3914 578 3970 l.=
711 3915 873 3974 victoriam.
897 3947 931 3957 -
958 3914 1007 3972 ΡΜ
1014 3936 1020 3970 :
1045 3913 1164 3970 delectui

126 4017 158 4054 ac
174 3996 287 4076 prodita
304 4017 387 4054 causo
403 3999 547 4076 publicam.
711 3999 834 4060 edicitur.
850 4034 883 4044 —
901 4000 937 4058 P:
957 4007 1012 4060 ebs.
1031 4019 1087 4056 rem
1105 4021 1164 4077 per·

65 4082 107 4142 10.
124 4085 305 4140 contionem.-
322 4083 390 4156 ΡΜ]
412 4088 577 4144 concionem.
611 4073 615 4082 ’
710 4097 799 4162 agunt.
817 4085 859 4145 ll:
878 4093 948 4146 odai.
966 4119 1000 4130 -
1023 4085 1085 4143 Pld:
1108 4095 1165 4144 tam
1269 4152 1273 4165 Ι

123 4199 159 4214 -··
176 4169 199 4228 P
216 4191 252 4230 ru.
266 4173 304 4229 l.:
323 4173 438 4233 occluso.
508 4199 513 4214 ··
710 4193 775 4231 acro
794 4175 874 4232 irasci
889 4175 985 4249 plebe.
