2832 4720
104 243 159 288 ⁴*
215 293 282 385 aaa
657 251 856 386 'numni

586 357 600 393 b

214 472 261 540 bit
283 479 373 539 extra
394 467 527 536 domum
548 467 646 559 patris
667 489 786 560 sponsa
806 464 883 536 l'eili.
905 487 970 534 non
992 465 1019 534 si
1040 464 1262 535 tribunicium
1291 490 1363 534 au·

161 593 165 608 ¹
214 574 327 644 xillum
355 583 389 642 et
414 573 675 664 provocationem
701 571 789 662 plebi
809 571 975 642 Romanae
997 607 1042 620 -
1070 570 1149 638 duas
1172 595 1284 640 arces
1317 572 1360 640 li-

214 678 345 748 bertatis
371 678 509 747 tuendae
529 717 575 730 -
596 675 769 759 ademistis,
802 677 876 746 ideo
902 661 1082 746 in'liberos
1112 699 1258 768 quoque
1285 701 1359 746 no-

216 797 300 854 stros
322 783 538 875 coniugesque
559 805 692 874 regnum
713 791 839 850 vestrae
860 780 981 878 libidini
1003 769 1114 850 datum
1136 791 1200 849 est.
1244 784 1354 850 saevi

185 890 248 962 bin
269 901 396 980 tergum
420 900 454 957 et
482 887 683 980 inffeervices
710 897 851 954 nostrast
883 887 1034 980 pudicitia
1059 886 1175 954 saltem
1198 885 1238 954 in
1263 897 1350 955 tuto

104 1067 108 1072 ,
215 995 266 1064 sit.
305 994 381 1064 huic
402 984 505 1062 si'vis
531 992 706 1076 adicietur,
733 1015 794 1083 ego
823 993 1040 1084 praesentium
1065 990 1245 1080 Quiritium
1276 1013 1348 1084 pro

216 1122 349 1191 sponsa,
376 1098 544 1190 Verginius
571 1096 709 1165 militum
729 1121 789 1189 pro
817 1096 912 1166 unica
934 1097 1012 1180 lilia,
1046 1093 1160 1164 omnes
1190 1097 1346 1164 deorum

214 1203 445 1294 hominumque
466 1201 695 1293 inplorabimus
716 1201 830 1271 fidem:
861 1219 969 1294 neque
996 1209 1033 1268 tu
1060 1199 1145 1268 istud
1168 1204 1344 1292 uunquam

217 1308 381 1393 decretum
401 1306 591 1397 sinepcaede
611 1318 720 1376 nostra
742 1307 872 1376 referes.
893 1304 1025 1398 postulo
1039 1303 1134 1396 Appi,
1157 1306 1263 1372 etiam
1288 1316 1341 1374 at-

53 1477 56 1488 ,
174 1425 208 1487 10
218 1435 283 1502 que
305 1411 402 1480 etiam
424 1410 607 1480 consideres
629 1435 696 1504 quo
717 1411 930 1504 progrediere.
964 1409 1133 1502 Verginius
1147 1409 1269 1478 viderit
1294 1411 1340 1480 de

69 1523 72 1544 '
216 1514 291 1600 filia,
311 1516 368 1585 ubi
388 1516 522 1602 venetic·
541 1516 617 1608 quid
641 1527 723 1608 agat
758 1511 823 1584 hoc
843 1526 969 1584 tanturn
990 1515 1070 1584 sciat
1091 1515 1160 1600 sibi,
1182 1515 1211 1582 si
1233 1515 1338 1584 huius

96 1654 100 1676 ι
217 1619 362 1690 vindiciis
382 1622 530 1707 cesserit,
555 1622 778 1692 condicionem
797 1617 888 1692 xfiliae
915 1620 1131 1714 quaerendam
1154 1643 1238 1689 esse.
1276 1645 1338 1690 me

120 1773 121 1778 κ
218 1725 432 1795 vindicantem
453 1749 607 1820 sponsam
627 1727 660 1796 in
681 1728 861 1808 libertatem
881 1727 948 1818 vita
970 1727 1061 1796 citius
1078 1726 1334 1818 deseretquam

217 1830 332 1899 fides“.
395 1839 399 1852 '
957 1869 988 1907 ,-
1129 1861 1134 1874 ·

172 1946 207 2004 15
307 1933 422 2004 XLVI.
468 1935 634 2007 Concitata
662 1938 834 2006 multitudo
862 1947 931 2006 erat
958 1947 1186 2030 certamenque
1210 1935 1330 2008 instare

205 2037 398 2106 uidebatur.
433 2037 562 2108 lictores
583 2041 707 2110 Icilium
729 2044 1015 2112 circumsteterant:
1036 2067 1098 2112 nee
1119 2043 1204 2112 dna
1225 2043 1328 2112 minas
1352 2060 1356 2074 ¹

218 2153 327 2210 tamen
348 2165 536 2232 processum
557 2155 621 2229 est,
655 2171 730 2216 cum
751 2147 874 2239 Appius
900 2170 967 2214 non
989 2146 1173 2238 Verginiam
1198 2148 1325 2216 defendi

220 2245 260 2313 ab
282 2245 372 2314 lcilio
392 2248 451 2314 sed
471 2247 649 2339 inquietum
670 2251 835 2320 hominem
858 2261 892 2318 et
906 2251 1102 2320 tribunatum
1123 2252 1219 2320 etiam
1240 2275 1324 2320 nuno

219 2350 394 2443 spirantem
414 2351 524 2420 locum
546 2353 709 2424 seditionis
731 2381 886 2449 quaerere
908 2356 1037 2425 diceret.
1075 2379 1143 2426 non
1170 2357 1323 2450 praebitu-

172 2469 293 2525 uorum
313 2479 350 2524 se
372 2453 417 2523 illi
440 2480 480 2525 eo
503 2455 555 2525 die
575 2461 751 2530 materiam.
788 2461 851 2530 sed
873 2473 909 2530 ut
930 2461 995 2533 iam
1016 2461 1112 2531 sciret
1132 2485 1199 2529 non
1218 2459 1251 2526 id
1270 2485 1322 2552 pe

220 2559 372 2632 tulantiae
393 2585 471 2630 suae
498 2561 557 2630 sed
578 2561 730 2656 Verginio
753 2567 876 2638 absenti
896 2577 948 2638 set
968 2567 1071 2661 patrio
1095 2565 1215 2634 nomini
1236 2577 1270 2640 et
1289 2565 1321 2632 li·

37 2749 46 2764 ·
109 2774 110 2782 ’
239 2763 264 2822 1.
283 2779 397 2838 sponso
417 2759 499 2819 Icili:
526 2760 548 2818 P
573 2783 609 2830 m.
635 2765 662 2823 2.
688 2763 737 2838 ll]

280 2867 382 2923 sponsa
407 2847 486 2906 Icilii.
515 2879 550 2894 -
584 2849 607 2908 P
634 2871 669 2910 m.
698 2855 738 2910 L:

281 2953 382 3011 aporrsa
400 2934 483 2994 icilia.
509 2955 564 2994 non
586 2920 612 2994 si
628 2937 739 2994 tribuci·

284 3021 368 3079 nium.
385 3019 426 3076 lll:
443 3040 543 3098 sponsa
561 3022 618 3078 ioili
629 3043 685 3080 non
702 3025 740 3079 sit
759 3043 760 3048 ¹

281 3105 466 3166 tribunicium.
493 3137 527 3148 -
557 3106 600 3164 lll:
628 3109 691 3166 ideo
708 3111 739 3166 in

282 3189 376 3251 libros.
394 3211 431 3254 m.
448 3195 488 3252 &a
506 3192 618 3254 liberos.

238 3278 265 3338 1.
283 3281 371 3338 saeui
386 3281 418 3336 ia
440 3289 556 3358 tergum
579 3291 609 3338 et
629 3284 662 3340 in
677 3301 739 3340 eer-

211 3373 220 3406 l
284 3369 364 3426 uices
396 3377 533 3426 nostros:
549 3369 606 3442 ,Ρ]
637 3369 739 3427 saevite

282 3463 333 3514 cet.
346 3454 415 3526 (bl).
426 3489 458 3500 -
469 3455 558 3516 illinus
576 3466 648 3514 recte
657 3456 738 3534 paulo

285 3552 347 3598 ante
364 3541 442 3602 Leid.
459 3563 490 3603 t:
508 3545 656 3604 ademisti.

238 3625 265 3680 7.
285 3625 465 3705 Verginius.-
483 3630 551 3704 PM]
570 3630 644 3706 Virg.

166 3707 170 3714 ⁴
238 3711 271 3768 8.4
284 3713 496 3787 inplorabimus
506 3719 620 3793 fidem:
638 3719 673 3780 Μ.
701 3749 737 3764 ·-

175 3817 179 3830 ¹
282 3795 320 3855 P:
341 3799 536 3879 inplorauimns
558 3805 623 3866 fide.
643 3839 678 3850 -
701 3805 738 3864 Pa

282 3884 343 3942 sine
352 3887 425 3948 cede.
434 3919 468 3932 -
481 3889 523 3946 M:
533 3893 642 3968 postulo
655 3895 738 3973 appii.

222 3971 265 4032 10.
284 3971 462 4054 Verginius:
473 3977 519 4051 tl]
532 3978 670 4058 Virginius
683 3981 738 4054 (P).

223 4060 312 4140 ¹1·,=³¹‘
328 4061 417 4121 huius
441 4067 579 4126 uirzdiciio
600 4071 738 4128 cesserit.-

284 4144 343 4207 Pru.
356 4181 390 4192 --
407 4147 481 4212 Harl.
495 4173 528 4223 ι..
546 4157 572 4212 si
590 4156 738 4233 ipsebuius

871 2777 922 2828 oet.
941 2769 1015 2827 *P
1032 2789 1069 2829 m.
1088 2769 1113 2826 1.
1130 2763 1172 2824 dl:
1192 2764 1316 2822 conditio·

871 2875 942 2914 nem.
960 2855 982 2912 P
998 2875 1035 2915 nr.
1053 2858 1094 2914 2:
1112 2853 1299 2912 condicionem.

810 2943 854 3000 13.
871 2941 1005 2998 deseret:
1022 2941 1053 3001 Ρ.
1065 2971 1101 2986 ·-
1118 2941 1158 3000 ol:
1177 2941 1315 2998 desereret.

810 3029 854 3086 15.
871 3029 1019 3084 conchato
1029 3028 1271 3088 multandocrat:
1281 3025 1315 3086 ll.

871 3141 907 3156 -
925 3111 959 3168 P:
979 3116 1148 3176 concitatam.

811 3201 855 3258 17.
875 3197 1065 3280 Verginibm:
1083 3201 1152 3276 PM]
1169 3196 1238 3279 Virg.
1265 3194 1268 3205 '

811 3289 855 3347 19.
872 3288 1053 3362 spirantem.-
1071 3287 1130 3349 PM.
1142 3287 1214 3347 -ll
1228 3309 1261 3348 nr.
1276 3291 1311 3348 ile

872 3381 1008 3452 operanti.

819 3491 856 3508 -·
872 3463 971 3521 locum
987 3466 1145 3524 seditionis
1167 3473 1317 3541 quaererer
1353 3538 1356 3542 Ι

870 3548 921 3608 ΡΜ
943 3561 973 3608 et
994 3551 1051 3612 rell.
1077 3550 1155 3608 codd.
1180 3579 1213 3592 -·
1234 3547 1253 3605 l.
1268 3547 1310 3606 Fr.

871 3635 969 3698 Gron.=
980 3639 1126 3698 seditioni.
1138 3632 1222 3692 sedai
1230 3633 1309 3700 3,50.:

869 3724 905 3781 ab
922 3728 991 3802 ipsis
1008 3725 1098 3782 datum
1110 3721 1199 3778 locam
1210 3721 1308 3780 seditio·
1360 3763 1365 3777 ,

806 3863 808 3870 ,
870 3814 915 3869 nis
933 3831 1000 3870 esse
1324 3817 1328 3823 ⁴
1361 3877 1366 3898 Ι

809 3899 854 3958 m.
872 3899 1032 3977 Verginio.-
1048 3895 1097 3970 a]
1110 3893 1228 3974 Virglnio
1243 3893 1296 3966 (P).

820 4017 855 4030 -·
873 3994 919 4046 soi
932 3987 1032 4060 patrio
1049 3987 1176 4044 nominis
1193 3982 1255 4042 Pm.
1270 3983 1304 4054 1,]

871 4082 899 4130 e't
931 4075 1021 4151 patrio
1055 4075 1159 4131 nomini
1187 4071 1246 4144 (ll).
1275 4101 1304 4112 ··

870 4159 948 4222 Leo.
966 4179 999 4221 a:
1029 4162 1150 4233 absenti,
1171 4161 1249 4240 petalo
1263 4175 1303 4214 uo·
1380 4227 1382 4236 Ι
