2836 4720
214 249 283 320 eoo
665 236 828 322 cntra

215 437 487 524 propugnatum
526 433 656 494 senetrrs
693 421 930 514 maiestatisque
966 419 1124 492 vineboem
1160 443 1240 490 suae
1277 423 1340 503 sd—¹

216 553 329 600 ornnes
350 529 533 604 tribunicios
555 529 764 621 plebeiosque
786 527 971 619 oppositum
992 525 1157 610 turnultus,
1182 525 1325 594 modurn

216 634 383 703 dumtaxat
403 635 436 702 in
457 635 629 704 certamine
657 655 835 724 egressum,
862 631 961 702 iratae
988 629 1072 702 obici
1098 629 1195 722 plebi.
1233 624 1323 700 nnus

216 763 235 806 e
255 739 397 830 patribus
417 737 486 830 ipse
501 738 563 831 Ap.
578 737 730 808 Claudius
752 747 786 804 et
805 736 950 806 tribunos
972 748 1006 806 ct
1024 735 1155 827 plebem
1175 746 1322 802 etenum

75 849 77 858 ’
179 841 365 918 siudicium
386 867 445 934 pro
472 844 571 913 nihilo
599 842 748 912 habebat.
785 839 877 908 illum
903 863 970 910 non
996 839 1101 908 urinae
1128 839 1231 931 plebis
1252 863 1322 908 non

131 1019 135 1026 ,
215 961 344 1018 senams
371 971 484 1042 preces
510 949 689 1041 perpellere
715 968 871 1038 umquam
897 955 1034 1036 potuere
1060 967 1127 1012 non
1160 943 1260 1012 modo
1282 955 1320 1014 ut

214 1065 339 1122 vestem
360 1063 498 1122 mutaret
518 1063 574 1122 aut
594 1051 733 1144 supplex
753 1060 920 1143 prensaret
945 1047 1106 1132 homines,
1134 1048 1192 1117 sed
1220 1072 1262 1118 ne
1282 1059 1319 1118 ut

130 1229 137 1242 ,
214 1183 258 1228 cx
280 1169 433 1242 consueta
455 1143 586 1249 quidem
607 1156 775 1249 asperitate
798 1153 963 1238 orationis,
990 1178 1066 1224 curn
1094 1155 1136 1222 ad
1160 1153 1320 1244 populum

214 1262 337 1359 agenda
357 1283 453 1331 causa
475 1271 570 1344 esset,
592 1260 711 1353 uliqrrid
731 1257 845 1328 leniret
866 1269 963 1350 atque
985 1258 1196 1339 submitteret
1231 1257 1319 1328 idem

167 1366 340 1438 tobabitus
363 1364 427 1434 oris
457 1364 570 1436 cadem
598 1363 799 1434 contumacia
827 1363 861 1432 in
888 1363 980 1433 vultu
1006 1363 1093 1432 idem
1120 1353 1326 1432 moratione

214 1471 342 1562 spiritus
364 1479 446 1552 erat,
474 1469 555 1537 adeo
576 1480 616 1536 ut
641 1491 756 1559 magna
778 1489 852 1559 pars
878 1467 982 1560 plebis
1003 1466 1146 1560 Appium
1171 1492 1240 1538 non
1263 1467 1321 1536 mi-

213 1595 274 1642 nus
296 1597 388 1642 reum
408 1573 536 1642 timeret
558 1596 656 1664 quam
677 1571 846 1640 consulem
866 1573 1024 1642 timuerat.
1061 1571 1164 1640 semel
1188 1596 1321 1644 cansam
1368 1591 1377 1598 ·

213 1677 293 1746 dixit
314 1701 448 1777 quoque¹
473 1699 603 1770 semper
628 1701 722 1770 agere
751 1676 858 1746 omnia
885 1676 998 1748 solitus
1027 1687 1096 1748 erat
1119 1677 1319 1748 accusatorio

212 1782 340 1874 spiritur
377 1784 523 1876 adeoque
545 1782 722 1852 constantia
744 1805 803 1852 sua
826 1794 858 1852 et
880 1784 1024 1852 tribunos
1051 1780 1267 1872 obstupefecit
1287 1793 1321 1850 et

166 1899 201 1959 ts
212 1886 352 1980 plebem,
373 1899 410 1955 ut
432 1889 518 1956 diem
539 1888 600 1980 ipsi
622 1912 679 1956 sua
694 1887 860 1956 voluntate
876 1888 1087 1980 prodicerent,
1109 1885 1190 1954 trabi
1205 1877 1319 1955 deinde

213 2015 283 2058 rem
304 1991 453 2060 sinerent
486 1991 566 2063 haut
586 1992 790 2060 ita'multum
810 1991 935 2060 interim
955 1992 1110 2084 temporis
1136 1991 1207 2064 luit.
1244 2002 1317 2064 ante
1405 2065 1409 2070 ,

213 2105 321 2162 temen
344 2119 443 2186 quam
468 2095 612 2187 prodicta
642 2096 708 2165 dics
733 2097 869 2180 veniret,
901 2096 1017 2166 morbo
1045 2097 1189 2166 moritum
1227 2097 1317 2168 cadus

212 2197 429 2270 laudationem
450 2223 525 2268 cum
546 2199 664 2271 tribuni
684 2199 961 2293 plebisimpcdire
987 2211 1192 2285 conarentur,
1224 2202 1318 2294 plebs

211 2301 350 2370 fraudari
371 2303 518 2373 sollemni
538 2303 662 2390 bonore
684 2324 893 2396 suppremum
916 2304 1001 2374 diem
1022 2305 1102 2374 tanti
1126 2305 1186 2374 viri
1200 2307 1316 2393 noluit,

29 2399 34 2407 ἱ
163 2420 200 2480 to
214 2417 246 2478 et
278 2406 493 2478 laudationem
525 2419 593 2499 tam
626 2408 736 2500 aequis
770 2409 897 2480 auribus
926 2411 1045 2479 mortui
1071 2411 1191 2480 audivit
1218 2436 1318 2504 quam
1409 2473 1410 2476 ,

211 2510 275 2583 vivi
296 2512 534 2582 accusationem
555 2513 697 2582 audierat
718 2525 750 2583 ct
771 2516 924 2608 exequias
946 2516 1097 2608 frequens
1112 2515 1293 2588 celebravit

174 2633 176 2640 '
297 2616 395 2685 LXII.
438 2617 565 2686 Eodem
593 2642 676 2688 anno
699 2618 845 2689 Valerios
873 2621 987 2690 consul
1013 2645 1088 2689 cum
1115 2624 1259 2692 exercitu
1281 2625 1325 2704 in.¹

208 2719 341 2817 Aequos
362 2721 526 2818 prolectas
548 2717 623 2800 curn
644 2724 773 2794 bostem
795 2725 837 2792 ad
857 2724 1016 2820 proelium
1030 2725 1145 2796 elicere
1161 2751 1228 2796 non
1241 2752 1315 2820 pos-

272 2919 306 2935 ·-
318 2887 439 2949 Pm.1.r
456 2888 623 2970 plebiosqae.
640 2893 728 2952 mma
799 2891 843 2952 15.
857 2892 1064 2968 prodicerent:
1081 2891 1155 2972 Harl.
1174 2907 1192 2950 1.
1215 2917 1250 2930 ·-
1272 2885 1313 2946 ll:

271 2972 455 3059 plebeiosque.
465 3005 500 3018 -
511 2975 552 3032 tte
572 2977 609 3036 du
624 2981 630 3050 Ι
644 2987 727 3038 taxat.
858 2977 1051 3056 prodiicerent.
1068 2977 1105 3036 Pr
1122 2977 1313 3058 producerent.

272 3057 296 3116 P
318 3079 353 3118 m.
379 3063 416 3120 1.:
444 3061 601 3122 damdexet
627 3083 663 3122 m.
686 3065 726 3121 2³
858 3095 894 3110 ·-
911 3063 973 3123 Ptt:
994 3065 1120 3143 prodicta
1137 3065 1227 3129 dies..
1331 3085 1334 3094 ¹

267 3144 417 3310 33³⁹*
427 3147 532 3208 ''Plh
546 3149 727 3208 'mmihi
797 3195 841 3255 17.
858 3196 943 3256 euius
962 3195 1167 3255 laudationem
1184 3213 1250 3255 cum
1261 3196 1311 3252 tri·

858 3283 931 3344 duni
943 3285 1041 3362 plebis
1063 3286 1205 3363 impedire
1224 3305 1311 3344 eona·

857 3379 976 3431 rentur.-
1006 3371 1067 3433 cod.
1096 3371 1204 3452 Rhen.]
1235 3375 1316 3438 caius,

793 3483 805 3518 s
855 3476 917 3514 cum
933 3457 1114 3522 laudationem
1131 3469 1183 3519 cet.
1197 3489 1230 3501 -
1246 3457 1311 3517 Pll:

855 3547 932 3623 cuius
949 3567 1015 3608 cum
1026 3547 1206 3606 laudationem
1223 3553 1260 3602 tr.
1266 3545 1309 3618 pl.

854 3633 988 3716 impedire
1005 3630 1154 3692 conaretur.
1173 3629 1201 3687 ll
1213 3649 1248 3688 m.
1266 3633 1307 3691 ³.=

855 3725 1003 3780 conaretur.
1026 3751 1061 3761 —
1084 3717 1146 3776 Ptl:
1171 3715 1306 3780 sollemni.

854 3839 889 3852 -
915 3805 975 3864 Pblr
998 3825 1182 3882 suppremum.
1209 3837 1242 3852 -·
1269 3805 1323 3866 P:'

853 3894 1076 3952 temerationem.

225 3320 251 3380 l.
270 3323 334 3398 ipse
350 3321 406 3400 Ap.
420 3323 585 3384 Claudius:
601 3325 632 3386 P.
644 3325 724 3405 ipse.

165 3414 169 3424 ’
268 3429 293 3468 a.
310 3430 338 3488 p.
356 3411 491 3492 claudius:
508 3411 641 3472 tt-lttz
659 3433 722 3472 sae·

268 3505 347 3554 uatus
371 3521 475 3576 preces.
497 3495 532 3546 -’-
553 3491 616 3574 Ptt':
635 3521 722 3577 prena

267 3593 351 3640 seret
368 3586 511 3648 homines.
529 3619 564 3632 -
588 3588 611 3646 P
628 3609 663 3648 m.
683 3592 721 3648 1.:

266 3668 433 3732 submittere.
446 3695 481 3732 m.
490 3677 528 3733 Ἅι
541 3675 721 3735 submitteret.

205 3753 249 3816 ld.
267 3773 386 3832 quoque
403 3779 519 3836 semper·
536 3782 627 3842 egere
643 3761 721 3833 (lae.

265 3851 294 3898 et
303 3847 384 3918 que):
403 3845 446 3918 P]
459 3867 513 3926 quo
523 3867 630 3927 semper
642 3867 720 3927 agere

265 3926 333 3998 (ll).
359 3963 393 3976 ·-
417 3931 446 3993 P'
462 3953 498 3994 m.
523 3940 563 3995 1.r
587 3936 735 4014 adeoque,
849 3993 854 3998 .
1229 3973 1231 3979 ·

135 4097 139 4106 Ι
261 4033 297 4073 m.
319 4017 358 4076 λι
384 4017 515 4098 adaeque.
538 4051 573 4066 ·-
600 4023 661 4081 Plllr
691 4031 720 4080 et
788 4025 993 4084 nallatenus
1014 4045 1091 4086 coc:
1114 4025 1158 4100 P]
1179 4024 1303 4084 Valerius

264 4103 388 4164 tribunos
406 4107 588 4186 obstupefecit
603 4109 717 4187 plebem.
850 4111 952 4174 consul.
970 4145 1005 4158 ·-
1022 4110 1062 4174 ll:
1080 4105 1221 4174 adbertus.
