2756 4720
410 395 417 400 .
526 301 636 364 curn
656 260 720 362 vs
1092 283 1158 356 aaa

32 495 113 562 per
138 493 179 538 se
201 468 310 562 gravia
333 465 568 558 indignioraque
589 473 626 532 ut
648 461 836 544 viderentur,
857 462 971 542 tribuni
985 461 1088 556 plebis
1109 485 1157 530 se·

28 573 184 640 ditiosis
205 573 406 642 cantionibus
427 561 599 652 iaciebant,
626 569 699 642 idco
722 591 795 636 aera
816 567 965 636 militibus
987 569 1157 636 constituta

33 701 125 745 esse
151 678 313 769 arguendo
335 687 373 746 ut
393 675 496 767 plebis
517 685 642 766 partem
662 671 773 776 militia
793 682 916 762 partem
942 673 1060 740 tributa
1083 696 1156 740 cau-

33 783 200 858 ficerent.
238 804 338 849 unum
359 775 481 849 bellum
503 801 621 846 annum
641 776 705 844 iam
720 777 849 844 tertirun
862 769 944 842 trahi
963 788 996 843 et
1010 777 1156 844 consulto

34 887 141 954 male
164 885 232 976 geri
253 896 289 952 ut
310 884 425 954 diutius
447 894 566 975 gerant.
602 883 636 949 in
663 891 813 972 quattuor
840 879 954 948 deinde
980 879 1073 948 bella*
1091 891 1186 948 unat

41 991 179 1058 dilectu
201 989 516 1081 exercitusyscriptos
537 999 571 1058 ct
590 1008 709 1078 pueros
731 1008 861 1076 quoque
884 1009 922 1053 ac
941 985 1034 1052 senes
1056 994 1157 1052 extra·

43 1105 137 1162 ctos.
177 1094 242 1160 iam
262 1119 329 1162 non
357 1094 484 1164 aestatis·
512 1115 572 1160 nec
593 1090 707 1160 hiemis
732 1089 899 1159 discrimen
926 1111 997 1164 esse
1023 1112 1065 1157 ne
1091 1089 1158 1157 ulla

48 1199 153 1290 quies
176 1221 331 1288 umquam
352 1200 486 1268 miserae
508 1197 595 1288 plebi
617 1196 673 1265 sitr
696 1218 778 1288 quae
800 1219 886 1263 nunc
908 1192 1003 1262 etiam
1023 1195 1161 1285 vectigal*

46 1302 93 1368 lis
118 1302 161 1368 ad
183 1301 333 1370 ultimum
355 1302 437 1372 iacta
459 1302 509 1386 sit,
530 1313 567 1372 ut
588 1322 673 1370 cum.
685 1300 830 1368 conlecta
851 1297 962 1367 labore
976 1300 1158 1368 vulneribus

48 1413 222 1498 postrema
246 1417 349 1484 aetate
376 1430 510 1498 corpora
538 1405 716 1473 rettulerint
748 1402 929 1494 incultaque
943 1405 1065 1472 somnia
1093 1405 1158 1472 diu·
1171 1414 1206 1474 10

51 1512 123 1578 tino
148 1508 351 1578 dominorum
375 1511 529 1580 desiderio
552 1509 640 1576 domi
661 1505 846 1588 invenerint,
867 1507 1020 1576 tributum
1042 1533 1084 1578 ex
1106 1509 1158 1576 ad-

53 1617 143 1686 iecta
165 1639 200 1682 re
222 1612 366 1681 familiari
387 1616 528 1703 pendant
550 1635 687 1702 aeraque
708 1609 852 1676 militaria
867 1611 957 1678 velut
977 1613 1087 1680 fenore
1109 1639 1159 1680 ac-

55 1729 153 1810 cepta
175 1717 359 1809 multiplicia
380 1718 426 1786 rei
448 1717 595 1810 publicae
617 1711 761 1784 reddant
798 1714 880 1781 inter
895 1715 1046 1784 dilectum
1064 1719 1160 1784 tribn-

707 1890 791 1948 ditias
818 1891 988 1958 caatiamihaa
1016 1891 1158 1954 iaciebant.

707 1982 804 2050 m.'d,r
822 1977 943 2038 sedilias.
982 2050 985 2058 ¹
1074 2053 1077 2060 Ι

663 2064 1159 2130 unsaramma-llud.
1271 2067 1275 2082 “

705 2153 741 2210 P:
758 2152 889 2213 militiam.
1244 2143 1247 2150 ’
1279 2194 1281 2204 ,

122 1891 254 1971 particula
274 1913 331 1970 que
347 1892 419 1952 lraud
431 1913 492 1952 rara
505 1891 576 1971 apud

122 1981 231 2038 Liviam
248 1983 329 2038 etiam
342 1981 452 2038 aliarum
465 1984 575 2046 coniun-
616 2023 618 2028 .
650 2021 653 2026 ·

123 2069 242 2126 clinnum
270 2078 327 2126 tum
349 2068 576 2126 adversativarum

122 2165 181 2213 tum
199 2153 344 2214 causalium
361 2153 449 2214 locum
472 2155 575 2214 obtine-

123 2250 227 2312 rct‚'et
244 2241 374 2300 haclone
393 2241 575 2321 indigniora·
665 2243 692 2301 1.
711 2260 821 2298 annum
839 2241 899 2296 iam
916 2242 1049 2298 tertium:
1067 2237 1115 2296 ΡΜ
1133 2248 1160 2296 et

73 2341 76 2361 ¹
126 2351 184 2407 que
201 2319 242 2373 ''-
265 2332 383 2407 exeeptis
407 2329 484 2386 libria
505 2327 577 2386 Rhe·
656 2383 666 2417 x
709 2327 766 2386 rell.
788 2327 877 2386 nimir.
900 2345 933 2384 ex
955 2345 1009 2406 qua
1036 2326 1159 2387 hiberna·

125 2419 241 2472 naniano
260 2426 287 2472 et
304 2415 447 2473 Harleiann
464 2433 496 2482 1.‚
518 2434 577 2490 gra·
623 2408 624 2411 ¹
710 2413 768 2470 cula
785 2412 924 2470 aedificata
941 2397 1048 2474 erant..

125 2502 204 2558 vibus
221 2501 276 2560 illia
294 2502 403 2579 quidem
415 2501 578 2570 auctoribus,
665 2502 692 2558 5.
711 2501 899 2558 anadilectu:
910 2498 973 2572 ΡΜ]
983 2520 1037 2557 una
1047 2501 1160 2562 delectu.
1217 2511 1242 2554 C

126 2609 176 2644 nec
193 2599 283 2646 tamen
296 2590 341 2644 eia
356 2591 384 2644 in
401 2588 498 2664 quibua
514 2607 577 2643 nua-
665 2589 693 2646 8.
711 2607 788 2661 quae
799 2605 877 2643 nunc
893 2587 990 2645 etiam.
1000 2595 1037 2628 -‘
1046 2587 1069 2644 P
1086 2607 1121 2647 m.
1135 2591 1161 2647 1.

128 2695 208 2750 qnam
225 2684 341 2732 erratum
353 2673 534 2731 videretur-
547 2675 578 2729 in

125 2762 280 2822 melioribus
290 2761 369 2821 codd.
379 2761 502 2819 omnibus
515 2777 578 2816 con·

58 2915 62 2942 ¹
127 2859 261 2908 narratum
271 2847 351 2917 earet,
368 2847 518 2906 lacerenan
529 2867 578 2923 pa-
611 2891 616 2905 .

129 2939 168 2994 tui
186 2940 251 3014 qulu
269 2938 373 3013 etipse
394 2935 578 3014 indigniora-

129 3010 186 3102 que
217 3022 366 3101 reciperem
400 3022 579 3099 haberemque

111 3131 177 3188 ¹pra
195 3112 369 3186 „indigniora
388 3112 494 3168 etiam“'
512 3110 579 3166 acri·

128 3208 211 3274 ptum.
241 3197 314 3274 quod
335 3199 361 3253 si
382 3200 442 3274 quia
464 3199 501 3252 ita
519 3215 580 3254 erac

130 3282 182 3338 ribi
194 3282 360 3359 persuadere
371 3303 426 3340 nau
439 3292 538 3360 pateat,
554 3284 580 3339 ia

131 3367 231 3425 scribat
251 3368 339 3437 „haec
364 3389 413 3446 per
436 3389 466 3426 se
488 3371 580 3444 grauia

131 3457 250 3530 grauiora
269 3455 484 3532 indignioraque
492 3467 522 3513 ut
538 3458 579 3514 ai·

131 3542 290 3599 derantur“:
322 3543 398 3600 cuius
426 3541 509 3600 simili
538 3563 579 3600 er·

129 3649 189 3688 rare
206 3648 248 3688 cx.
265 3648 306 3704 gr.
322 3631 372 3698 30,
390 3631 433 3689 18.
453 3631 532 3686 etiam
550 3632 580 3687 in

130 3715 187 3776 Put.
200 3715 279 3775 colb.
294 3715 388 3776 Bamb.
404 3717 580 3774 muralibus·
605 3707 611 3717 ⁸

131 3823 185 3878 que
200 3804 330 3882 scriptum
349 3813 390 3862 ert
401 3824 451 3883 pro
469 3823 579 3873 „mam-

706 2671 751 2730 Μι
763 2691 831 2749 quac
843 2691 877 2728 ne
889 2674 977 2731 etiam.
986 2701 1019 2716 -·
1032 2693 1161 2740 nessnc.

662 2805 667 2824 ,
710 2789 746 2822 -ς
763 2759 786 2816 Ρ
803 2779 839 2818 ιιι.
857 2760 883 2819 1.
901 2759 961 2818 cad.
977 2757 1063 2820 Rhen.
1081 2783 1117 2821 m.
1134 2765 1161 2822 1.

709 2844 790 2906 Vasa.
807 2865 833 2906 11.
852 2845 898 2906 alr
917 2850 1103 2926 quinetiam.
1125 2879 1161 2894 -·

710 2930 752 2992 M:
771 2931 939 2994 rettullerint.
956 2935 992 2992 P:
1003 2937 1161 2996 retullerint.

650 3021 693 3080 11.
709 3022 849 3078 tributum
865 3041 907 3080 err
923 3022 1047 3096 adfecta
1063 3043 1097 3082 re
1106 3024 1162 3098 sa-

699 3110 842 3174 „milr'arr'a
849 3110 997 3186 pendant.-
1015 3111 1036 3168 Ρ
1048 3131 1083 3169 ιιι.
1097 3116 1121 3170 1.
1135 3109 1163 3168 11

690 3197 748 3258 'aa
773 3201 797 3256 1.
819 3229 854 3240 -
881 3197 957 3258 Pm.
975 3201 1015 3256 Ἅι
1038 3218 1068 3254 re
1085 3198 1161 3254 lami-

710 3281 771 3341 liari
789 3285 915 3360 pendant.
932 3283 959 3340 ll
971 3305 1007 3344 m.
1024 3287 1066 3343 2:
1084 3305 1113 3340 re
1124 3283 1138 3340 1
1151 3317 1162 3329 ·

710 3369 809 3426 miliari
815 3369 957 3446 apcadant.
967 3400 999 3412 -
1009 3371 1082 3436 Num
1094 3371 1161 3442 „rd-

710 3456 870 3534 pendant“i
1098 3461 1101 3468 '

651 3543 694 3628 11.
714 3545 795 3600 uelut
805 3541 927 3614 ficare.
939 3574 972 3586 —
988 3543 1024 3630 P?
1042 3544 1163 3605 faenore.

712 3628 752 3686 ll:
776 3629 903 3691 faenore.
921 3631 970 3688 aad
992 3631 1021 3690 in‘
1039 3630 1163 3692 Laarlrh.
1209 3669 1215 3683 2

712 3718 761 3784 1-2,
783 3723 825 3776 5.ι
852 3720 962 3778 iniusto
978 3719 1099 3795 fenore.
1128 3753 1161 3764 -

699 3803 857 3886 *Plllnreiqi
875 3806 996 3866 reddant.

131 3887 199 3945 libas
225 3889 453 3969 uallaribusqua“.
483 3889 518 3952 cl.
546 3889 599 3950 Τ.·
651 3892 953 3966 13.dilearum:1³l1]
977 3894 1030 3954 del.
1053 3925 1088 3936 -
1115 3892 1164 3950 PM

131 3973 190 4032 Livi
206 3974 298 4035 lux.
315 3997 343 4054 p.
361 3997 433 4038 χιιι.
451 3996 477 4035 ιι.
490 4010 524 4020 -
542 3975 580 4034 r:

131 4068 164 4122 ti.
186 4063 229 4140 ῥΙ.
255 4063 409 4125 reditiorr'r
438 4065 578 4122 cantioni-

132 4149 181 4206 lur
192 4149 359 4222 faciebant.
377 4150 417 4212 tt:
436 4158 470 4210 tr.
482 4151 519 4231 qil.
537 4165 578 4208 ae·

712 3977 786 4036 Harl.
803 3999 821 4039 r.
841 3980 919 4039 Laid.
938 4000 955 4040 ι.
977 3981 1026 4040 al:
1049 3983 1166 4056 expleri

712 4067 834 4143 nequid.
858 4066 936 4124 Vara.
952 4085 971 4126 ι.
990 4083 1017 4128 ιι.
1040 4067 1090 4128 alr
1115 4083 1168 4127 ne·'
1223 4081 1225 4088 “
1282 4095 1285 4104 ⁴

713 4156 785 4230 quit.
802 4152 900 4214 Bella:
918 4157 1039 4232 nequiit.
1065 4149 1070 4160 ‘
