2750 4720
690 283 923 384 anoomoro
1031 308 1036 318 ·

747 533 827 634 'rr
913 635 916 643 .

223 825 226 840 Ι
344 735 463 808 Brutus
485 735 683 810 iureiurando
699 743 855 834 populum
867 737 1033 809 adstrinxit
1047 737 1208 810 nemiuem
1224 752 1331 825 regnare

258 843 381 914 Romae
409 869 568 938 passuros.
613 845 819 940 Tarquinium
846 845 1038 915 Collatinum
1069 843 1228 934 collegam
1259 859 1330 905 suurn

259 961 388 1042 propter
415 950 598 1022 affinitatem
625 949 868 1044 Tarquiniorum
895 961 1079 1041 suspectum
1107 943 1212 1038 coegit
1244 963 1331 1010 consu

259 1051 325 1122 latu
346 1079 381 1121 se
404 1055 548 1134 abdicare
571 1065 603 1124 et
625 1055 750 1123 civitate
772 1056 894 1124 cedere.
934 1055 1016 1122 bona
1042 1077 1155 1143 regum
1186 1046 1271 1138 diripi
1288 1045 1331 1110 ius

222 1153 307 1244 teir,
329 1183 439 1250 agrum
460 1155 554 1226 Marti
577 1157 785 1243 consecravit,
798 1244 801 1255 ,
816 1160 870 1252 qui
898 1179 1030 1249 campus
1051 1151 1187 1224 Martius
1216 1147 1332 1224 nomint·

257 1271 311 1330 tus
333 1271 390 1330 est.
428 1262 646 1331 adolescentes
667 1261 791 1331 nobiles
812 1304 856 1316 -
877 1265 910 1331 in
933 1261 1048 1356 quibus
1070 1282 1149 1329 suos
1172 1275 1292 1350 quoque
1310 1259 1332 1316 el

256 1365 374 1432 sororis
401 1365 484 1432 filios
506 1403 550 1416 —-
572 1363 646 1458 quia
674 1365 913 1436 coniuraverant
942 1367 982 1434 de
1010 1363 1199 1456 recipiendis
1221 1355 1331 1448 regibus,

256 1468 359 1536 securi
380 1467 545 1561 percussit.
583 1496 676 1541 servo
698 1469 806 1556 indici,
834 1469 885 1540 cui
906 1467 1052 1538 deicio
1079 1490 1201 1536 nomen
1221 1453 1330 1543 {uicti

256 1572 412 1642 bertatem
439 1574 539 1644 dedit:
567 1601 609 1645 ex
636 1576 725 1644 errius
753 1575 882 1644 nomine
906 1573 1043 1642 vindicta
1070 1569 1240 1664 appellata.
1275 1584 1330 1631 cum

185 1675 408 1746 ·1⁰adversus
429 1702 529 1770 reges,
552 1681 605 1774 qui
628 1674 796 1748 contractis
818 1677 999 1747 Veientium
1021 1681 1054 1742 et
1075 1666 1329 1767 Tarquiniensium

257 1783 356 1874 copiis
377 1782 498 1850 bellum
519 1783 701 1870 intulerant,
724 1783 898 1854 exercitum
921 1780 1063 1849 duxisset
1084 1779 1119 1846 in
1137 1779 1253 1858 aciem,
1276 1790 1331 1838 cun

256 1881 377 1954 Arunte
399 1886 464 1954 filio
481 1887 618 1979 Superbi
641 1899 859 1958 commortuus
882 1898 939 1970 est,
962 1873 1101 1974 ¹eumque
1117 1883 1275 1949 matronae
1293 1891 1330 1939 au

255 2013 334 2058 ¹¹⁰¹ss
360 1989 519 2067 luxemnt,
557 1993 593 2062 P.
617 1985 762 2064 Vate'rius
790 1990 903 2060 consul
927 1990 1033 2080 legem
1062 1987 1103 2054 de
1129 1979 1330 2080 provocatione

256 2097 297 2162 ad
319 2096 477 2190 populum
498 2095 579 2166 tulit.
608 2095 799 2189 Capitolium
815 2094 995 2163 dedicatum
1016 2097 1075 2159 est
1104 2089 1264 2161 Porsenna
1275 2077 1329 2148 Clu·

209 2195 397 2265 rostrorum
418 2197 583 2269 rex'bello
606 2225 665 2293 pro
687 2186 865 2292 Tarquiniis
892 2201 1042 2288 suscepto
1069 2219 1146 2262 cunr
1175 2195 1215 2262 ad
1235 2187 1328 2258 lanicu-

254 2295 323 2370 lum
349 2295 501 2384 venisset,
534 2326 575 2369 ne
597 2303 737 2371 Tiberim
764 2303 910 2371 transiret
936 2297 1051 2378 virtute
1067 2297 1211 2368 'Coclitis
1231 2280 1329 2388 Horatii

151 2401 156 2480 ⁵,
254 2399 432 2496 prohibitus
454 2414 517 2492 est,
545 2401 613 2496 qui,
641 2408 718 2474 dum
741 2403 792 2474 alii
815 2411 947 2498 pontem
973 2402 1143 2472 sublicium
1165 2391 1327 2472 rescindunt

254 2507 344 2577 solus
365 2501 519 2575 Etruscos
541 2501 702 2596 sustinuitss
727 2520 760 2580 et
780 2512 881 2604 ponte
899 2515 994 2600 rupto
1017 2519 1157 2575 armatus
1179 2507 1212 2574 in
1232 2503 1327 2569 flumen

254 2633 289 2681 se
311 2612 396 2680 misit
418 2609 513 2680 etad
535 2637 611 2682 suos
633 2611 814 2684 transnavit.
842 2615 977 2683 alterum
999 2610 1134 2682 accessit
1155 2605 1270 2679 virtutis
1288 2621 1326 2664 et

205 2728 241 2782 10
256 2713 397 2810 emplum
420 2715 577 2801 aMucio‚
600 2719 654 2812 qui
676 2744 749 2788 cum
772 2713 813 2786 ad
834 2715 1009 2786 feriendum
1029 2711 1226 2784 Porsennam
1246 2709 1325 2775 castra

252 2819 573 2906 hostium'intrasset‚
603 2823 709 2892 occiso
738 2822 840 2892 scriba
863 2829 964 2914 qucm'
985 2845 1094 2912 regem
1122 2845 1193 2888 esse
1218 2807 1325 2920 putabat

253 2919 502 3018 comprehensus
523 2923 704 3018 impositam
721 2926 874 3002 ⁴altaribus
896 2943 1035 3008 manum,
1048 3013 1051 3021 Α
1066 2924 1099 2990 in
1122 2924 1234 3016 quibus
1253 2931 1325 2982 sacu-

194 3106 196 3114 ’
271 3115 296 3175 1.
314 3111 351 3172 1t=
369 3113 410 3172 Ex
427 3113 497 3172 libro
514 3115 642 3174 secundo.
663 3113 764 3172 Brutus
787 3157 792 3164 .
894 3107 1173 3174 xerunt.b.Valor-ius
1184 3099 1323 3169 consultet·

314 3202 484 3260 iureiurando
511 3201 642 3280 Populum
669 3205 763 3258 astrin·
897 3226 930 3244 -κ
948 3201 1005 3278 sig.
1017 3203 1137 3260 restitnit
1147 3199 1183 3259 P.
1196 3188 1322 3256 Valerius·

314 3292 367 3350 xit:
392 3294 524 3373 neminem
546 3310 657 3366 regnare
678 3289 764 3348 Roma
835 3290 878 3348 11.
895 3287 933 3345 R:
953 3289 1069 3346 Prosena
1084 3289 1152 3346 Rex.
1165 3284 1323 3346 Clusinorum·

313 3397 465 3456 parsurum.
794 3439 800 3451 ,
896 3407 928 3416 -
949 3375 1043 3435 Beata:
1061 3374 1186 3431 Porsena.
1290 3441 1311 3458 ..

268 3484 295 3542 6.
313 3480 351 3537 lla
368 3497 433 3540 suaa
445 3495 529 3559 quoqt
546 3492 567 3537 tt
582 3478 671 3537 nanis
684 3478 764 3539 titios.
836 3463 878 3536 ¹5·
896 3460 932 3519 3²
956 3462 1091 3536 Tyberim·
1102 3492 1148 3524 f·
1170 3457 1206 3516 R‘
1229 3444 1322 3509 0⁰⁰l¹l⁸

311 3568 439 3645 Sigonius
457 3569 574 3626 restitnit
590 3569 713 3634 sororia.
852 3625 855 3630 ,
896 3546 992 3606 omli·
1095 3617 1099 3624 .
1176 3577 1179 3591 '
1291 3616 1297 3630 ,

267 3674 294 3730 e.
311 3669 349 3728 u:
368 3673 411 3727 eur
430 3669 573 3728 vindicius
588 3669 762 3728 mentua.
835 3629 877 3692 ¹⁷·
894 3631 931 3735 ΒΕ
955 3641 1063 3736 9⁰⁰¹f³¹¹¹
1078 3627 1220 3719 ”blm
1240 3631 1320 3754 *ΜΞ

162 3803 165 3812 .
267 3777 294 3835 9.
312 3773 349 3832 ll:
366 3773 486 3830 uindl'cta
505 3782 546 3829 est
563 3771 683 3849 apellata.
892 3718 1319 3885 ἓῗὲῃῖίιῗῃξὲῗῗὲἱιῖῗέἒῑ,

127 3877 132 3888 “
250 3881 293 3937 10.
311 3875 349 3935 tt=
368 3885 395 3934 et
410 3871 615 3954 Tarquiniorum
633 3872 727 3949 copiis.
893 3892 974 3952 flumg
992 3895 1074 3953 „pepp
1193 3940 1195 3948 s
1248 3937 1251 3946 Ι

191 3977 193 3984 ’
251 3971 293 4042 11.
311 3981 348 4038 ll:
371 3979 502 4060 duxissetr
525 3982 553 4037 in
577 3982 671 4037 aciem:
700 3998 759 4038 oum
833 3977 930 4038 19.R:
951 3981 1074 4040 tranauit.
1126 3971 1149 4024 s
1237 3977 1240 3984 ’

308 4065 410 4123 Arunte
418 4065 473 4122 filio
487 4068 595 4144 superbi
605 4069 759 4140 comortuus
840 4093 874 4106 -
892 4061 929 4122 ll:
948 4067 1096 4146 exemplum
1114 4087 1129 4124 a
1148 4063 1235 4124 Murio.
1282 4099 1286 4120 r

251 4149 257 4166 '
306 4162 359 4207 eata
377 4165 466 4228 eumqt
479 4153 706 4210 lllatroneaunnm
719 4151 758 4208 lu·
830 4147 873 4210 2'0.
892 4143 930 4208 R:
947 4151 1101 4216 Prosenam.
