2802 4726
34 175 41 220 ¹
212 192 277 260 tra
552 165 558 172 ’
625 244 628 260 ,
675 193 849 254 runnu.

212 330 270 433 arx
291 377 413 434 retenta
434 364 467 428 iu
490 383 582 452 spem
604 381 662 426 seu
684 358 859 448 Verrugine
881 359 1035 426 amissum
1056 362 1260 452 praesidium
1292 364 1342 428 ad

212 471 291 538 iram
314 493 389 552 eum
409 467 575 558 inpulisset
596 502 639 517 *—
660 463 746 530 tama
768 465 908 532 adfertur
929 489 1055 533 summa
1073 467 1105 534 vi
1128 467 1170 534 ad
1191 466 1342 534 bellum

275 659 362 718 banda
386 680 441 716 non
464 667 536 716 esset
557 657 729 714 Gronoviana

274 749 442 815 coniectura,
459 745 533 824 quod
549 765 583 802 ex
603 764 634 800 ea
656 739 727 800 sudr-

273 857 316 894 ma
333 835 388 892 loci
408 837 450 892 ris
467 837 497 890 iu
514 835 555 889 eis
570 831 661 891 verbis
679 851 741 906 po·x

274 926 325 980 sita
344 943 403 980 esse
420 920 569 988 rideretur,
591 938 659 997 quae
677 921 728 974 mi-

274 1011 351 1066 noris
377 1009 506 1066 momenti
534 1015 618 1063 erant
654 1003 729 1083 quod

276 1117 336 1156 cum
362 1099 428 1154 satis
451 1097 622 1172 perspicuum
648 1101 729 1160 esset,

275 1185 328 1243 Iac.
356 1183 510 1241 Gronovius
535 1201 586 1258 pro
613 1199 729 1256 compu-

154 1301 159 1311 ·
275 1273 350 1332 licre
372 1272 479 1328 restitui
501 1266 588 1328 voluit
612 1285 728 1340 compu-

274 1359 375 1425 lisset,
412 1359 513 1439 quippe
546 1351 620 1432 quod
652 1361 730 1430 patre

274 1455 345 1501 teste
363 1443 486 1502 codicum
507 1442 651 1500 auctoritas
672 1449 729 1496 tue-

255 1542 357 1592 tretur.
401 1530 450 1588 sed
488 1551 524 1586 ne
556 1527 587 1585 id
620 1526 729 1605 quidem

273 1619 318 1677 vel
343 1641 393 1696 per
415 1639 446 1676 se
468 1620 535 1674 satis
560 1614 730 1692 probandum

273 1706 394 1774 videtur,
417 1724 477 1762 cum
502 1703 536 1760 ad
553 1705 636 1762 verba
661 1721 757 1772 „seut

275 1815 325 1850 seu
333 1827 364 1838 -
371 1791 545 1870 compulisset
550 1795 567 1824 “
577 1788 679 1868 aliquid
686 1787 731 1844 de·

277 1881 412 1939 uideretur
429 1899 463 1936 ex
480 1899 533 1956 quo
550 1877 598 1934 ille
620 1877 731 1934 coniun-

163 2026 165 2037 ,
276 1971 363 2026 ctirus
380 1967 505 2045 pendeat
529 1986 592 2022 nam
608 1963 655 2022 illa
672 1967 732 2022 aire

276 2073 325 2130 spe
348 2057 406 2112 rire
428 2056 469 2111 ira
491 2053 657 2127 significetur
675 2073 730 2110 rne-

188 2197 196 2214 ‚
276 2141 338 2198 dius
363 2141 473 2219 quidam
494 2149 595 2210 statue,
618 2161 652 2197 ex
676 2158 731 2216 quc

276 2227 370 2284 Volsci
398 2229 539 2304 Aequique
567 2225 603 2284 ad
631 2224 732 2282 bellum
774 2271 777 2276 ,

276 2312 436 2391 prodierint.
471 2313 501 2368 id
530 2313 612 2387 igitur
641 2314 731 2388 ipsum

278 2401 468 2456 coniunctione
482 2398 570 2478 aliqua
582 2401 732 2478 exprimen-

275 2485 428 2556 duruerat,
452 2508 513 2546 cunr
534 2489 648 2567 exprimi
668 2507 731 2567 pos-

277 2585 328 2634 set
356 2574 480 2640 ridemus
502 2575 612 2654 quidem
629 2575 673 2634 rel
694 2578 733 2632 ita

278 2681 339 2720 curu
362 2664 501 2738 particulis
519 2685 574 2722 eeu
592 2685 646 2722 eeu
668 2683 733 2720 con-

278 2751 430 2808 iunctirum
465 2753 649 2820 coniunctum,
682 2749 733 2807 sed

278 2832 318 2892 ibi
334 2837 399 2894 illae
416 2841 454 2894 ita
472 2839 650 2896 cohaerebant
672 2858 732 2895 curn

251 2969 255 2975 .
279 2921 370 2999 aliquo
391 2927 475 2982 verbo
495 2925 615 3003 reliquae
633 2927 731 2983 oratio·

276 3010 330 3076 uis,
348 3018 379 3064 ut
391 3009 424 3066 ab
438 3029 471 3066 eo
483 3014 588 3086 seiungi
601 3032 655 3068 non
666 3030 730 3086 pos-

204 3134 210 3145 .
275 3105 347 3152 seut.
370 3094 423 3150 lroc
439 3103 529 3152 tamen
546 3096 607 3153 loco
619 3117 672 3172 quc
684 3095 731 3152 Li·

276 3182 338 3238 rius
350 3201 400 3239 suo
412 3183 471 3258 ipse
479 3181 582 3240 iudicio
593 3182 659 3239 belli
670 3192 730 3239 cau-

277 3289 323 3326 sas
340 3288 492 3348 proponere
503 3269 569 3339 vult,
586 3270 632 3328 illa
643 3271 732 3330 media

278 3359 412 3415 sententia
435 3377 497 3414 cum
516 3358 655 3436 particulis
679 3380 734 3416 seu

278 3464 334 3501 seu
341 3465 391 3501 nec
401 3445 734 3519 adfunruudserturnee

253 3597 260 3610 „
280 3531 316 3584 ad
332 3541 452 3588 coortos
465 3536 532 3590 satis
545 3533 684 3590 commode
691 3552 734 3589 re·

279 3612 346 3671 ferri
362 3627 463 3692 potest
484 3640 669 3696 comparemus
685 3623 735 3696 igi·

279 3709 403 3758 turcum
424 3708 568 3776 superiore
585 3707 647 3764 loco
668 3706 736 3764 elios

281 3787 422 3865 quosdam,
438 3791 576 3866 inquibus
588 3796 736 3851 coniuncti·

281 3893 332 3932 rus
362 3877 469 3952 positus
501 3887 555 3948 cst,
590 3899 737 3958 eorumque

281 3961 360 4039 longe
377 3961 457 4023 aliam
475 3967 606 4023 rationem
624 3986 683 4023 esse
694 3970 736 4025 ri·

282 4047 414 4114 dabimus.
443 4072 485 4119 ex,
502 4055 736 4128 gr,1,ta.:„u
800 4055 801 4058 ’

861 677 893 713 eo
911 655 983 713 hello
1002 667 1030 713 et
1045 658 1132 716 virtus
1155 669 1184 716 et
1204 657 1336 716 fortuna

861 745 958 800 enituit
974 741 1061 800 Tulli:
1083 745 1197 823 fusoque
1215 749 1339 820 ingenti

860 832 980 889 hostium
992 833 1111 888 exercitu
1123 832 1197 890 haut
1208 834 1338 890 dubius

860 937 922 986 rex,
948 937 999 975 seu
1024 927 1132 996 petrum
1158 941 1206 978 seu
1231 919 1338 998 plebis

862 1008 967 1062 animos
978 1006 1185 1084 periclitaretur,
1192 999 1338 1064 'Romam

862 1092 975 1153 rediit“.
1005 1094 1111 1162 30,1.=
1134 1094 1335 1164 „facundissi-

861 1199 924 1238 mus
953 1180 1130 1250 ludebam,
1160 1202 1209 1239 seu
1239 1203 1335 1240 causa

865 1266 965 1324 oranda
977 1288 1025 1324 seu
1034 1299 1068 1310 -
1077 1267 1207 1324 suadendi
1220 1290 1256 1326 ac
1266 1270 1334 1326 dis-

863 1353 993 1412 suadendi
1025 1353 1101 1410 locus
1131 1357 1254 1412 'easet“:
1292 1357 1336 1416 al.

859 1441 920 1500 Nec
944 1439 975 1497 it
1000 1439 1053 1502 lae.
1081 1439 1250 1500 Grouorim
1279 1443 1335 1500 fu·

863 1531 936 1604 gisse
950 1529 1071 1599 ridetur,
1094 1550 1154 1586 curn
1177 1530 1264 1607 quod
1289 1531 1334 1587 ad

864 1636 920 1674 seu
936 1616 1059 1695 suppleri
1074 1617 1163 1676 vellet.
1182 1637 1283 1676 verum
1298 1617 1333 1675 id

864 1701 1334 1784 ipsum,quodilliparticulaquod

865 1792 1071 1869 exprimendum
1092 1792 1249 1858 videbatur,
1277 1790 1331 1847 Li-

863 1881 924 1937 vius
937 1882 1127 1955 coniunctione
1135 1899 1202 1938 cum
1213 1897 1330 1954 expres·

863 1986 925 2024 sum
941 1966 1041 2037 voluit,
1067 1967 1142 2043 quod
1158 1967 1332 2045 optimorum

865 2055 990 2112 codicum
1019 2056 1138 2112 omniuin
1172 2072 1331 2110 consensus

862 2142 950 2200 docet.
967 2162 1017 2198 nee
1028 2139 1235 2217 improbandum
1244 2139 1330 2196 vide-

865 2229 949 2296 bitur,
967 2225 1041 2305 quud
1058 2247 1113 2283 eeu
1129 2246 1184 2284 seu
1200 2227 1240 2282 ita
1258 2245 1330 2282 cum

864 2313 993 2394 particula
1011 2335 1077 2372 cum
1094 2315 1237 2370 coniuncta
1248 2324 1329 2386 sunt,

867 2424 928 2462 ouur
945 2414 973 2460 et
990 2403 1062 2482 apud
1074 2401 1143 2458 alios
1153 2402 1242 2458 bonos
1254 2404 1327 2457 scri·

866 2502 961 2571 ptores
969 2501 998 2548 et
1006 2490 1077 2570 apud
1086 2489 1193 2548 Livium
1202 2509 1256 2546 ceu
1267 2509 1327 2544 seu

866 2599 998 2658 persaepe
1018 2578 1063 2638 rel
1086 2595 1147 2636 cum
1172 2577 1325 2654 participiis

865 2668 910 2725 vel
928 2689 990 2725 cum
1006 2667 1067 2724 aliis
1089 2663 1324 2724 coniunctionibus

867 2764 949 2834 atque
960 2753 1096 2812 interdum
1107 2755 1188 2810 etiam
1199 2753 1256 2808 sine
1264 2748 1323 2806 ullo

866 2843 952 2897 verbo
970 2843 1095 2919 apposito
1117 2841 1259 2896 coniuncta
1279 2838 1322 2893 vi·

866 2926 986 2985 damus.
1004 2925 1039 2984 cf.
1057 2928 1140 3000 igitur
1156 2925 1223 2980 haec
1233 2943 1320 2980 exem·

865 3011 924 3087 pla:
953 3016 985 3081 8,
1002 3015 1041 3070 7.:
1069 3021 1182 3079 „movet
1203 3008 1320 3067 ferocem

864 3099 984 3154 animum
1003 3100 1110 3155 iuvenis
1132 3117 1182 3154 seu
1207 3098 1248 3153 ira
1270 3119 1318 3155 seu

866 3183 1034 3242 detractandi
1056 3185 1211 3242 certaminis
1232 3185 1318 3263 pudor

866 3292 915 3328 ceu
936 3273 1161 3352 inexsuperabilis
1177 3273 1220 3330 ris
1240 3273 1315 3332 iati‘·.

866 3361 911 3427 at,
929 3361 970 3418 7.:
993 3364 1044 3430 „in
1061 3371 1149 3419 tantas
1169 3360 1244 3418 brevi
1261 3381 1315 3416 ere-

866 3457 962 3504 verant
979 3469 1046 3528 opes
1055 3470 1104 3506 seu
1120 3450 1257 3506 maritimis
1267 3468 1314 3505 seu

868 3537 1040 3593 terrestribus
1049 3535 1241 3606 fructibus,seu
1250 3536 1313 3593 mul·

865 3620 990 3678 titudinis
1002 3611 1167 3682 incremento
1180 3644 1228 3681 reu
1238 3623 1315 3680 disci-

866 3708 1137 3786 pliuaesanctitatc“.
1156 3715 1181 3781 1,
1190 3714 1228 3770 8.:
1239 3731 1314 3778 „cen-

867 3805 925 3854 turn
936 3805 1009 3852 occat
1019 3807 1166 3868 senatores,
1184 3800 1240 3856 sire
1254 3801 1314 3874 quia

867 3885 894 3940 is
905 3903 1030 3941 uumerus
1041 3887 1108 3942 satis
1120 3897 1178 3942 erat
1188 3888 1243 3942 sire
1253 3887 1313 3962 quia

867 3969 920 4027 soli
941 3981 1049 4028 centum
1072 3984 1149 4029 erant
1168 3976 1215 4050 qui
1233 3977 1312 4030 creari

866 4068 957 4138 patres
965 4065 1111 4139 posseut“.
1123 4063 1312 4132 10,1t.:„stve
