2836 4720
537 347 707 410 erasnm.
1105 336 1169 410 ιιι

11 549 12 556 ¹
79 539 129 584 res
167 539 224 584 nas
246 515 400 583 inunum
423 512 597 581 contulere.
618 503 709 581 tertia
730 501 783 578 illu
806 535 911 604 pugna
933 503 973 582 eo
997 539 1080 585 anno
1101 513 1170 586 luit.
1215 573 1217 586 .

80 622 192 689 endem
213 621 339 728 fortuna
361 616 525 688 victoriam
547 617 642 686 dedit
677 617 755 685 fissis
776 615 921 686 hostibus
945 619 1042 689 etiam
1069 633 1171 690 castra

77 751 114 796 ca
136 737 178 794 ta.

113 751 135 819 p
163 829 220 900 lX.
264 829 319 898 Sic
340 852 392 896 res
405 827 547 898 Romana
569 825 603 894 ln
625 826 789 918 antiquum
810 835 928 909 statum
949 827 1041 898 rediit
1061 853 1171 898 secun·

11 971 14 1054 p
76 935 200 1029 deeque
232 934 309 1002 belli
340 957 391 1002 res
429 929 590 1023 externplo
627 931 765 999 urbanos
800 943 907 1000 motus
945 934 1200 1006 excitavenmt.5

79 1043 177 1111 Gaius
199 1037 391 1108 Terentillus
405 1037 485 1136 Arsa
505 1037 648 1105 tribunus
669 1037 771 1128 plebis
793 1057 833 1105 eo
856 1061 939 1105 anno
962 1037 1030 1108 fuit.
1055 1039 1083 1108 is
1098 1065 1172 1110 con-

76 1147 199 1215 sulibus
222 1142 403 1212 absentibus
424 1155 511 1211 ratus
532 1141 641 1212 locum
662 1141 833 1210 tribuniciis
856 1143 1031 1212 actionibus
1053 1145 1171 1230 datum,
1252 1196 1256 1214 .

75 1277 135 1346 per
163 1250 284 1342 aliquot
310 1249 376 1316 dies
404 1259 530 1341 patrum
556 1247 738 1340 superbiam
763 1247 804 1314 ad
829 1247 959 1340 plebem
991 1247 1171 1318 criminatus

75 1355 214 1424 maxime
235 1352 269 1420 in
289 1351 455 1423 consulare
476 1350 644 1443 imperium
670 1365 834 1445 tamquam
853 1352 987 1420 nimium
1011 1375 1072 1420 nec
1093 1354 1172 1422 tole·
1280 1424 1283 1432 ,

74 1461 181 1529 rabile·
195 1455 313 1527 liberae
336 1456 452 1528 civitati
473 1457 688 1527 invehebatur.
715 1457 845 1526 nomine
867 1457 952 1525 enim
971 1469 1096 1526 tantum
1116 1458 1219 1526 nri-10

76 1589 137 1635 nus
158 1561 347 1633 invidiosum
367 1587 403 1630 re
430 1564 499 1654 ipsa
526 1585 627 1654 prope
654 1561 791 1630 atrocius
820 1587 919 1654 qnam
945 1563 1068 1653 regium
1090 1586 1171 1632 esse.

76 1673 196 1764 quippe
218 1670 299 1736 dnos
321 1692 380 1758 pro
402 1690 467 1734 uno
490 1666 636 1734 dominos
658 1677 808 1756 acceptos
836 1666 1031 1735 imnoderata
1052 1667 1172 1734 infinita

74 1785 245 1870 potestate,
267 1772 323 1864 qui
344 1769 440 1840 soluti
461 1767 712 1860 atqueeffrenati
731 1767 792 1857 ipsi
814 1769 917 1836 omnis
937 1781 1043 1838 metus
1064 1765 1172 1861 legum

75 1880 247 1970 omniaque
269 1873 423 1968 supplicia
444 1883 603 1942 verterent
628 1871 661 1938 in
688 1872 827 1966 plebem.
850 1899 947 1970 ¹(prae
975 1899 1017 1942 ne
1044 1885 1172 1942 aeterna

76 1984 139 2052 illis
161 1981 287 2053 lieentia
308 1981 364 2066 sit,
390 1980 496 2071 legem
522 2001 558 2046 se
584 1976 858 2068 promulgaturum
884 1989 922 2046 ut
949 1977 1089 2070 qunque
1115 1978 1173 2046 viri
1186 1992 1240 2048 15¹

51 2117 56 2138 ι
75 2100 223 2158 creentur
243 2086 366 2177 legibus
388 2085 428 2151 de
449 2082 582 2176 irnperio
605 2080 762 2150 consulari
783 2083 973 2152 scribendis:
1005 2083 1095 2174 quod
1115 2106 1172 2174 po·

75 2194 172 2285 pulus
192 2193 225 2260 in
246 2205 281 2259 'se
303 2191 352 2257 ins
376 2189 505 2272 dederit,
528 2211 568 2255 eo
591 2186 757 2255 consulem
778 2209 918 2273 usumm,
942 2211 1008 2256 non
1029 2186 1117 2278 ipsos
1138 2188 1172 2254 li-

75 2297 216 2368 bidinem
237 2321 275 2365 ac
295 2291 455 2363 licentiam
476 2313 568 2360 suam
589 2316 648 2386 pro
669 2292 741 2386 lege
759 2293 933 2362 habituros.
955 2317 1018 2384 qua
1033 2291 1172 2385 promul·

93 2466 121 2526 l.
139 2464 309 2540 antiquum:
327 2457 591 2536 P.antiqnm:ll.-
722 2458 772 2515 sed
795 2461 825 2528 l,
842 2460 875 2519 l.
898 2460 927 2514 ln
944 2455 974 2516 ll
999 2459 1108 2537 duosq.
1133 2479 1173 2515 ea:

138 2547 182 2609 ld:
194 2547 325 2626 exemplo.
342 2567 378 2606 m.
390 2549 431 2605 3.:
449 2545 591 2623 extemplo.
721 2548 933 2614 motuum,
945 2565 1006 2603 cum
1014 2547 1043 2602 in
1054 2547 1186 2603 cunas·-

93 2641 120 2699 6.
140 2637 236 2698 Gaius
256 2634 433 2694 Terentillus
450 2633 539 2691 Arsa.
556 2661 591 2676 -··
724 2653 782 2710 que
799 2653 839 2692 ex
857 2651 917 2692 una
934 2635 1053 2691 ciuitate
1063 2635 1108 2692 sit.
1125 2653 1173 2688 no·

139 2723 176 2782 P}
194 2725 269 2800 gaius
282 2719 431 2778 terentillo·
446 2721 452 2791 Ι
466 2718 544 2774 liram
557 2723 591 2776 n.
722 2737 785 2780 rnen
802 2739 835 2776 eo
852 2718 1022 2778 referendum
1037 2730 1093 2788 est,
1119 2739 1173 2797 quo
1203 2747 1205 2750 ·
1316 2739 1318 2747 ’

139 2809 178 2892 pl.
208 2843 243 2854 -
279 2804 318 2866 ll:
345 2825 370 2884 g.
396 2815 485 2863 terent
498 2808 504 2880 1
519 2805 591 2862 illius
725 2809 812 2864 maior
828 2807 975 2862 sententiae
991 2809 1034 2863 vis
1051 2826 1081 2863 se
1098 2805 1173 2864 incli-

138 2897 220 2955 barse
237 2899 271 2955 ti.
289 2893 371 2976 sal-⁵
389 2895 592 2972 Dionysium,
723 2915 790 2951 nere
804 2893 935 2954 videatur.
953 2903 984 2950 ιιι
998 2895 1081 2968 igitur
1092 2895 1118 2962 2,
1130 2895 1173 2953 st.

141 2987 185 3043 1.:
210 2983 297 3049 Γάϊος
320 2975 463 3059 Τερέντιος
487 2991 592 3056 danup-
723 2985 797 3050 M.
819 2983 951 3050 ciuitate,
981 2982 1018 3039 ita
1040 2980 1173 3038 hocloco

141 3075 208 3138 κῶν
224 3098 252 3130 ιι.
270 3093 293 3130 ι.
310 3081 337 3129 λ.
561 3139 565 3150 ι
724 3071 860 3126 dominos
873 3071 962 3148 potins
972 3069 1116 3129 ridebitur.
1139 3069 1173 3128 cl.

93 3163 121 3219 9.
140 3160 270 3216 maxim
287 3160 317 3213 ιἰι
332 3155 489 3214 consulare
506 3157 593 3230 impe·
724 3161 751 3226 3,
770 3159 826 3217 1l.:
852 3159 935 3216 mille
949 3177 1005 3234 pro
1025 3178 1082 3216 uno
1102 3157 1173 3214 Cae·

142 3247 233 3302 rium:
251 3243 309 3302 ΡΜ.
325 3247 440 3300 maxime
458 3253 592 3300 etconsu·
723 3257 819 3302 sones·
830 3247 974 3305 extitisse.
992 3274 1026 3286 -
1044 3241 1116 3301 Pm.
1135 3245 1174 3300 1.:

122 3326 199 3388 'lare
211 3317 371 3408 imperinm:
390 3329 463 3389 llerl.
480 3347 497 3387 ι.
518 3327 593 3386 ldem
723 3329 806 3390 soliti.
823 3352 860 3393 m.
877 3333 916 3391 Ἅι
933 3330 1025 3389 soluti.

140 3415 220 3497 paulo
246 3426 323 3493 post:
352 3418 466 3472 nomine
491 3425 595 3474 tantum
665 3419 707 3479 13.
728 3420 822 3474 omnis
858 3428 967 3476 metus:
1002 3413 1045 3489 P]
1082 3433 1175 3472 omnes

143 3505 233 3564 minus
251 3501 396 3560 inuidioso.
540 3501 541 3508 ’
724 3515 819 3562 metus.

81 3595 126 3653 ll.
144 3593 223 3650 duos
236 3609 293 3667 pro
312 3609 369 3646 uno
383 3588 534 3646 dominos:
552 3589 593 3662 P]
665 3593 820 3672 lelegum
847 3609 880 3647 se
902 3587 1176 3668 promulgaturum:

145 3679 214 3752 duos
226 3697 276 3756 pro
289 3693 343 3734 uno
355 3675 464 3733 domino
483 3675 550 3749 (ll).
559 3709 593 3719 -
725 3677 780 3736 Ptt

144 3765 284 3823 Similibus
296 3785 405 3844 quoque
418 3763 485 3821 locis
497 3785 595 3822 nomen
665 3767 708 3825 16.
725 3773 876 3822 creentur:
894 3761 950 3824 ΡΜ.
965 3795 1000 3807 -
1017 3761 1094 3823 Leid.
1112 3783 1130 3822 ι.
1148 3773 1176 3820 et

143 3851 338 3910 substantivum
368 3873 382 3910 a
415 3849 532 3910 librariis
566 3856 595 3910 in
725 3851 802 3910 multi
819 3849 877 3908 aliis
896 3862 1062 3909 crearentur.

116 3936 121 3940 ⁸
146 3947 285 4015 utramque
302 3951 405 4018 partem
421 3949 536 3998 tractum
554 3959 595 3995 re·
646 3923 709 4000 ‘ln
726 3960 785 3996 nou
803 3941 899 4014 ipsos:
916 3937 953 3997 ll.
978 3969 1012 3980 -
1042 3937 1117 3996 Pru.
1138 3940 1175 3996 l.:

145 4027 272 4104 perimus.
289 4029 329 4084 ric
346 4031 373 4096 2,
384 4029 427 4085 ll.
446 4028 554 4104 quidem
565 4029 594 4082 in
725 4047 780 4084 non
799 4021 866 4103 ipse.
883 4045 919 4083 m.
936 4027 977 4084 ΞΛ
995 4045 1049 4082 non
1061 4027 1131 4102 ipso.
1143 4057 1174 4066 -·

146 4112 271 4170 omnibus
286 4113 364 4174 codd.
382 4125 453 4172 recte
465 4116 595 4192 scriptum
621 4157 623 4167 ,
729 4113 751 4171 Ρ
775 4134 809 4172 ιιι.
834 4117 871 4172 1.:
895 4113 1042 4170 habituros.
1076 4131 1111 4170 m.
1135 4113 1175 4170 Ἅι

146 4209 189 4257 ιιι
214 4197 293 4258 duas
316 4219 356 4256 ex
381 4221 441 4256 uno
469 4203 595 4275 ciuitate,
726 4201 876 4258 habiturus.
